NS', '0.000', '60.00']
['', '', '', '', '', '', '', '', '', '', '', '', '', '', '12.00', '11.8']
['20', 'BN122', '', 'WOR FUNG BLACK SESAME', '', '', '', '1', 'CTNS', '', '102.00', 'per', 'CTNS', '0.000', '102.00']
['', '', '', '', '', '', '', '', '', '', '', '', '', '', '1.62', '33.3']
['17', 'DK128', '', 'DK BLUEBERRY CHEESE BUN', '', '', '', '3', 'EACH', '', '1.80', 'per', 'EACH', '10.000', '4.86']
['', '', '', '', '', '', '', '', '', '', '', '', '', '', '3.68', '58.4']
['15', 'DK121', '', 'DK RAISIN BREAD', '', '', '', '2', 'EACH', '', '3.50', 'per', 'EACH', '10.000', '6.30']
['', '', '', '', '', '', '', '', '', '', '', '', '', '', '1.26', '25.9']
['13', 'DK140', '', 'DK RED BEAN BUN', '', '', '', '3', 'EACH', '', '1.80', 'per EACH', '', '10.000', '4.86']
['Invoice', '#:', '769276', 'Invoice date:', '', '09/24/18', '', 'Customer: L030', '', 'LITTLE SAIGON INC. (NE)', '', '', '', 'Sales rep:', '7']
['16', 'DK123', '', 'HOKKAIDO GREEN TEA BUN', '', '', '', '3', 'EACH', '', '1.80', 'per', 'EACH', '10.000', '4.86']
['', '', '', 'EACH', '', '', '', '1.31', 'EACH', '', '', '', '', '0.000', '3.93']
['', '', '', '', '', '', '', '', '', '', '', '', '', '', '0.93', '19.1']
['17', 'DK128', '', 'DK BLUEBERRY CHEESE BUN', '', '', '', '3', 'EACH', '', '1.80', 'per', 'EACH', '10.000', '4.86']
['', '', '', 'EACH', '', '', '', '1.08', 'EACH', '', '', '', '', '0.000', '3.24']
['', '', '', '', '', '', '', '', '', '', '', '', '', '', '1.62', '33.3']
['18', 'DK131', '', 'DK VEGET.IMIT SHRED MEAT', '', '', '', '3', 'EACH', '', '1.85', 'per', 'EACH', '10.000', '5.00']
['', '', '', 'EACH', '', 'B11', 'BUN', '1.23', 'EACH', '', '', '', '', '0.000', '3.69']
['', '', '', '', '', '', '', '', '', '', '', '', '', '', '1.31', '26.2']
['20', 'BN122', '', 'WOR FUNG BLACK SESAME', '', '', '', '1', 'CTNS', '', '102.00', 'per', 'CTNS', '0.000', '102.00']
['', '', '', '7 OZ/', '100 BAGS SEED', '', '', '90.00', 'CTNS', '', '', '', '', '0.000', '90.00']
['', '', '', '', '', '', '', '', '', '', '', '', '', '', '12.00', '11.8']
['21', 'DV200', '', 'LAL COOKING TAMARIND', '', '', '', '1', 'CTNS', '', '80.00', 'per', 'CTNS', '0.000', '80.00']
['', '', '', '14 OZ X', '50 BAGS', '', '10+1', '49.95', 'CTNS', '', '', '', '', '0.000', '49.95']
['', '', '', '', '', '', '', '', '', '', '', '', '', '', '30.05', '37.6']
['30', 'SW143', '', 'DR SEAWEED STRIP/HOI DAI', '', '', '', '1', 'CTNS', '', '60.00', 'per', 'CTNS', '0.000', '60.00']
['', '', '', '3.5 OZ X', '', '100 BAGS', '', '50.00', 'CTNS', '', '', '', '', '0.000', '50.00']
['', '', '', '', '', '', '', '', '', '', '', '', '', '', '10.00', '16.7']
['40', 'PW239A', '', 'TOTOLE CHICKEN BOUILLON L', '', '', '', '4', 'CTNS', '', '76.50', 'per', 'CTNS', '0.000', '306.00']
['', '', '', '2.2 LBS X', '', '12 CAN', '', '70.00', 'CTNS', '', '', '', '', '0.000', '280.00']
['', '', '', '', '', '', '', '', '', '', '', '', '', '', '26.00', '8.5']
['', '', '', '', '', '', '', '', '', '', '', '', '', '', '12.00', '10.8']
['230', 'FR102', '', 'GREENSHELL MUSSELS N.Z.', '', '', '', '1', 'CTNS', '', '111.60', 'per', 'CTNS', '0.000', '111.60']
['', '', '', '', '', '', '', '', '', '', '', '', '', '', '36.00', '7.6']
['210', 'FR827', '', 'SHRIMP H/O', '', '30/40 CHAMPMAR', '', '3', 'CTNS', '', '158.00', 'per', 'CTNS', '0.000', '474.00']
['', '', '', '', '', '', '', '', '', '', '', '', '', '', '15.60', '19.1']
['190', 'FR197', '', 'FR. SQUID CARVING IQF', '', '', '', '1', 'CTNS', '', '81.60', 'per', 'CTNS', '0.000', '81.60']
['', '', '', '', '', '', '', '', '', '', '', '', '', '', '2.50', '9.4']
['120', 'CO255', '', 'GARDEN DURIAN WAFER', '', '', '', '1', 'CTNS', '', '26.50', 'per', 'CTNS', '0.000', '26.50']
['', '', '', '', '', '', '', '', '', '', '', '', '', '', '8.60', '11.2']
['60', 'SE125', '', 'KADOYA SESAME OIL', '', '', '22 OZ', '1', 'CTNS', '', '77.00', 'per CTNS', '', '0.000', '77.00']
['Invoice', '#:', '769276', 'Invoice date:', '', '09/24/18', '', 'Customer: L030', '', 'LITTLE SAIGON INC. (NE)', '', '', '', 'Sales rep:', '7']
['170', 'FR114A', '', 'FR. SQUID TUBE U/5', '', '', '*CH*', '5', 'CTNS', '', '20.00', 'per', 'CTNS', '0.000', '100.00']
['', '', '', '10 LB', '*MUC U/5*', '', '$2.00/lb.', '17.20', 'CTNS', '', '', '', '', '0.000', '86.00']
['', '', '', '', '', '', '', '', '', '', '', '', '', '', '14.00', '14.0']
['190', 'FR197', '', 'FR. SQUID CARVING IQF', '', '', '', '1', 'CTNS', '', '81.60', 'per', 'CTNS', '0.000', '81.60']
['', '', '', '16 OZ X', '24', '*harbor*', '', '66.00', 'CTNS', '', '', '', '', '0.000', '66.00']
['', '', '', '', '', '', '', '', '', '', '', '', '', '', '15.60', '19.1']
['200', 'FR125', '', 'SUN THIT OC BU SNAIL MEAT', '', '', '', '1', 'CTNS', '', '49.00', 'per', 'CTNS', '0.000', '49.00']
['', '', '', '14OZ X', '30', '*F0035', '', '43.50', 'CTNS', '', '', '', '', '0.000', '43.50']
['', '', '', '', '', '', '', '', '', '', '', '', '', '', '5.50', '11.2']
['210', 'FR827', '', 'SHRIMP H/O', '', '30/40 CHAMPMAR', '', '3', 'CTNS', '', '158.00', 'per', 'CTNS', '0.000', '474.00']
['', '', '', '10/4lb ECUADOR', '', '', '$3.95/lb', '146.00', 'CTNS', '', '', '', '', '0.000', '438.00']
['', '', '', '', '', '', '', '', '', '', '', '', '', '', '36.00', '7.6']
['220', 'FR827P', '', 'SHRIMP H/L S/O', '', '', '71/90', '1', 'CTNS', '', '138.00', 'per', 'CTNS', '0.000', '138.00']
['', '', '', '10/4lb ECUADOR', '', '', '$3.45/lb', '114.00', 'CTNS', '', '', '', '', '0.000', '114.00']
['', '', '', '', '', '', '', '', '', '', '', '', '', '', '24.00', '17.4']
['230', 'FR102', '', 'GREENSHELL MUSSELS N.Z.', '', '', '', '1', 'CTNS', '', '111.60', 'per', 'CTNS', '0.000', '111.60']
['', '', '', '2 LBS X', '12 BOX', '', '$4.65/LBS', '99.60', 'CTNS', '', '', '', '', '0.000', '99.60']
['', '', '', '', '', '', '', '', '', '', '', '', '', '', '12.00', '10.8']
['240', 'FR034A', '', 'FR. MACKEREL-SABA', '', '', "44's", '2', 'CTNS', '', '55.01', 'per', 'CTNS', '0.000', '110.02']
['', '', '', '44.01 LBS NORWAY', '', '', '400-600', '40.572', 'CTNS', '', '', '', '', '0.000', '81.14']
['', '', '', '', '', '', '', '', '', '', '', '', '', '', '28.88', '26.2']
['', '', '', '', '', '', '', '', '', '', '', '', '', '', '14.00', '33.3']
['370', 'FR703', '', 'FR. GRATED YAM (KHOAI MO)', '', '', '', '1', 'CTNS', '', '42.00', 'per', 'CTNS', '0.000', '42.00']
['', '', '', '', '', '', '', '', '', '', '', '', '', '', '15.00', '100.0']
['350', 'FR707B', '', 'FR. COOKED CASSAVA XL', '', '', '', '1', 'CTNS', '', '15.00', 'per', 'CTNS', '0.000', '15.00']
['', '', '', '', '', '', '', '', '', '', '', '', '', '', '14.00', '43.8']
['330', 'FR835', '', 'FR. BANH CANH', '', '', '*LAL FARM*', '1', 'CTNS', '', '32.00', 'per', 'CTNS', '0.000', '32.00']
['', '', '', '', '', '', '', '', '', '', '', '', '', '', '36.00', '25.0']
['290', 'FR036', '', 'FISHMONGER SWAI STEAKS', '', '', '', '2', 'CTNS', '', '72.00', 'per', 'CTNS', '0.000', '144.00']
['', '', '', '', '', '', '', '', '', '', '', '', '', '', '28.71', '33.5']
['270', 'FR178A', '', 'OF CA HE', '', '*300/UP*', '$2.60', '1', 'CTNS', '', '85.80', 'per CTNS', '', '0.000', '85.80']
['Invoice', '#:', '769276', 'Invoice date:', '', '09/24/18', '', 'Customer: L030', '', 'LITTLE SAIGON INC. (NE)', '', '', '', 'Sales rep:', '7']
['300', 'FR141', '', 'SUN CA BASA H/L WHOLECUT', '', '', '', '2', 'CTNS', '', '76.00', 'per', 'CTNS', '0.000', '152.00']
['', '', '', '2 LBS X', '15', 'A0601', '', '67.25', 'CTNS', '', '', '', '', '0.000', '134.50']
['', '', '', '', '', '', '', '', '', '', '', '', '', '', '17.50', '11.5']
['330', 'FR835', '', 'FR. BANH CANH', '', '', '*LAL FARM*', '1', 'CTNS', '', '32.00', 'per', 'CTNS', '0.000', '32.00']
['', '', '', '16OZ/24 (TAPIOCA NOODLES)', '', '', '', '18.00', 'CTNS', '', '', '', '', '0.000', '18.00']
['', '', '', '', '', '', '', '', '', '', '', '', '', '', '14.00', '43.8']
['340', 'FR706A', '', 'FR. CASSAVA WHOLE', '', '', '*VN*', '1', 'CTNS', '', '30.00', 'per', 'CTNS', '0.000', '30.00']
['', '', '', '16 OZ X', '30 BAG', '', '*LAL FARM*', '21.00', 'CTNS', '', '', '', '', '0.000', '21.00']
['', '', '', '', '', '', '', '', '', '', '', '', '', '', '9.00', '30.0']
['350', 'FR707B', '', 'FR. COOKED CASSAVA XL', '', '', '', '1', 'CTNS', '', '15.00', 'per', 'CTNS', '0.000', '15.00']
['', '', '', '17.6 OZ X', '', '12 KHOAI MI HAP', '', '0.00', 'CTNS', '', '', '', '', '0.000', '0.00']
['', '', '', '', '', '', '', '', '', '', '', '', '', '', '15.00', '100.0']
['360', 'FR312', '', 'LAF PANDAN LEAVE (LA DUA)', '', '', '', '1', 'CTNS', '', '36.00', 'per', 'CTNS', '0.000', '36.00']
['', '', '', '7OZ X', '40 BAG', '*LAL FARM*', '', '21.20', 'CTNS', '', '', '', '', '0.000', '21.20']
['', '', '', '', '', '', '', '', '', '', '', '', '', '', '14.80', '41.1']
['370', 'FR703', '', 'FR. GRATED YAM (KHOAI MO)', '', '', '', '1', 'CTNS', '', '42.00', 'per', 'CTNS', '0.000', '42.00']
['', '', '', '16 OZ X', '30 BG', '', '*LAL FARM*', '28.00', 'CTNS', '', '', '', '', '0.000', '28.00']
['', '', '', '', '', '', '', '', '', '', '', '', '', '', '14.00', '33.3']
['390', 'VN100', '', 'VENUS PORK MEAT BALL', '', '', '', '1', 'CTNS', '', '119.00', 'per', 'CTNS', '0.000', '119.00']
['', '', '', '8 OZ. X', '60 BAGS', '', '#201', '106.20', 'CTNS', '', '', '', '', '0.000', '106.20']
['', '', '', '', '', '', '', '', '', '', '', '', '', '', '12.80', '10.8']
['', '', '', '', '', '', '', '', '', '', '', '', '', '7.95', '17.7']
['510', 'UT293', '', 'CLEAR PLASTIC BAG', '', '*LD-17*', '', '3', 'CTNS', '15.00', 'per', 'CTNS', '0.000', '45.00']
['', '', '', '', '', '', '', '', '', '', '', '', '', '27.90', '9.5']
['460', 'TH104B', '', 'TAYHO BO VIEN', '', '5LBS', '', '3', 'CTNS', '98.00', 'per', 'CTNS', '0.000', '294.00']
['', '', '', '', '', '', '', '', '', '', '', '', '', '9.56', '11.5']
['440', 'VN105', '', 'VENUS FISHMEAT (THIT CA)', '', '', '', '1', 'CTNS', '83.00', 'per', 'CTNS', '0.000', '83.00']
['', '', '', '', '', '', '', '', '', '', '', '', '', '14.00', '10.7']
['420', 'VN103', '', 'VENUS CUTTLEFISH BALL', '', '', '', '1', 'CTNS', '131.00', 'per', 'CTNS', '0.000', '131.00']
['', '', '', '', '', '', '', '', '', '', '', '', '', '4.00', '10.0']
['401', 'DV234', '', 'NK TSAOKO', '', '', '', '1', 'CTNS', '40.00', 'per CTNS', '', '0.000', '40.00']
['Invoice', '#:', '769276', 'Invoice date:', '', '09/24/18', 'Customer: L030', '', 'LITTLE SAIGON INC. (NE)', '', '', 'Sales rep:', '7']
['430', 'VN104', '', 'VENUS FISHBALL (CA VIEN)', '', '', '', '1', 'CTNS', '115.00', 'per', 'CTNS', '0.000', '115.00']
['', '', '', '8 OZ. X', '60 BAGS', '#252', '', '102.60', 'CTNS', '', '', '', '0.000', '102.60']
['', '', '', '', '', '', '', '', '', '', '', '', '', '12.40', '10.8']
['440', 'VN105', '', 'VENUS FISHMEAT (THIT CA)', '', '', '', '1', 'CTNS', '83.00', 'per', 'CTNS', '0.000', '83.00']
['', '', '', '1 LB. X', '24 CUP', '#254', '', '73.44', 'CTNS', '', '', '', '0.000', '73.44']
['', '', '', '', '', '', '', '', '', '', '', '', '', '9.56', '11.5']
['450', 'VN106', '', 'VENUS SHRIMP BALL', '', '#253', '', '1', 'CTNS', '122.00', 'per', 'CTNS', '0.000', '122.00']
['', '', '', '8 OZ. X', '60 BAGS', '', '', '108.00', 'CTNS', '', '', '', '0.000', '108.00']
['', '', '', '', '', '', '', '', '', '', '', '', '', '14.00', '11.5']
['460', 'TH104B', '', 'TAYHO BO VIEN', '', '5LBS', '', '3', 'CTNS', '98.00', 'per', 'CTNS', '0.000', '294.00']
['', '', '', '5 LBS X', '5 BAG', '', '', '88.70', 'CTNS', '', '', '', '0.000', '266.10']
['', '', '', '', '', '', '', '', '', '', '', '', '', '27.90', '9.5']
['500', 'UT296', '', 'CLEAR PLASTIC BAG', '', '*LD-24*', '', '3', 'CTNS', '17.00', 'per', 'CTNS', '0.000', '51.00']
['', '', '', '4 ROLL(9.25 LBS) for duck', '', '', '', '14.35', 'CTNS', '', '', '', '0.000', '43.05']
['', '', '', '', '', '', '', '', '', '', '', '', '', '7.95', '15.6']
['510', 'UT293', '', 'CLEAR PLASTIC BAG', '', '*LD-17*', '', '3', 'CTNS', '15.00', 'per', 'CTNS', '0.000', '45.00']
['', '', '', '(11 X', '17CM) X', '4 ROLLS', '*A*', '12.35', 'CTNS', '', '', '', '0.000', '37.05']
['', '', '', '', '', '', '', '', '', '', '', '', '', '7.95', '17.7']
['520', 'MD121', '', 'EAGLE OIL', '', '- GREEN *L*', '', '5', 'BOX', '45.00', 'per', 'BOX', '0.000', '225.00']
['', '', '', '12 X', '24 ML', '(1 DOZEN)', '', '40.41', 'BOX', '', '', '', '0.000', '202.05']
['', '', '', '', '', '', '', '', '', '', '', '', '', '22.95', '10.2']
['', '', '', '', '', '', '', '', '', '', '', '', '', '13.00', '11.2']
['580', 'HM140', '', 'KYJ CHINESE SAUSAGE', '', '', '', '1', 'CTNS', '116.00', 'per', 'CTNS', '0.000', '116.00']
['', '', '', '', '', '', '', '', '', '', '', '', '', '6.00', '10.0']
['560', 'NO141', '', 'FRESH CHOW MEIN NOODLES', '', '', '', '2', 'CTNS', '30.00', 'per', 'CTNS', '0.000', '60.00']
['', '', '', '', '', '', '', '', '', '', '', '', '', '4.00', '12.9']
['553', 'NO324', '', 'UDON SHRIMP FLAVOR', '', '', '', '2', 'CTNS', '15.50', 'per', 'CTNS', '0.000', '31.00']
['', '', '', '', '', '', '', '', '', '', '', '', '', '4.00', '12.9']
['551', 'NO322', '', 'UDON MUSHROOM FLAVOR', '', '', '', '2', 'CTNS', '15.50', 'per', 'CTNS', '0.000', '31.00']
['', '', '', '', '', '', '', '', '', '', '', '', '', '4.00', '12.9']
['540', 'NO320', '', 'UDON CHICKEN FLAVOR', '', '', '', '2', 'CTNS', '15.50', 'per CTNS', '', '0.000', '31.00']
['Invoice', '#:', '769276', 'Invoice date:', '', '09/24/18', 'Customer: L030', '', 'LITTLE SAIGON INC. (NE)', '', '', 'Sales rep:', '7']
['552', 'NO323', '', 'UDON ORIENTAL FLAVOR', '', '', '', '2', 'CTNS', '15.50', 'per', 'CTNS', '0.000', '31.00']
['', '', '', '7.25 OZ X', '', '30 BAGS CHIKARA', '', '13.50', 'CTNS', '', '', '', '0.000', '27.00']
['', '', '', '', '', '', '', '', '', '', '', '', '', '4.00', '12.9']
['553', 'NO324', '', 'UDON SHRIMP FLAVOR', '', '', '', '2', 'CTNS', '15.50', 'per', 'CTNS', '0.000', '31.00']
['', '', '', '7 OZ X', '30 BAGS', 'CHIKARA', '', '13.50', 'CTNS', '', '', '', '0.000', '27.00']
['', '', '', '', '', '', '', '', '', '', '', '', '', '4.00', '12.9']
['554', 'NO325', '', 'UDON SPICY FLAVOR', '', '', '', '2', 'CTNS', '15.50', 'per', 'CTNS', '0.000', '31.00']
['', '', '', '7.25 OZ X', '', '30 BAG CHIKARA', '', '13.50', 'CTNS', '', '', '', '0.000', '27.00']
['', '', '', '', '', '', '', '', '', '', '', '', '', '4.00', '12.9']
['560', 'NO141', '', 'FRESH CHOW MEIN NOODLES', '', '', '', '2', 'CTNS', '30.00', 'per', 'CTNS', '0.000', '60.00']
['', '', '', '16.71 OZ X', '', '12 BAG', '', '27.00', 'CTNS', '', '', '', '0.000', '54.00']
['', '', '', '', '', '', '', '', '', '', '', '', '', '6.00', '10.0']
['570', 'CA134', '', 'CHACHA SUNFLOWER-COCONUT', '', '', '', '1', 'CTNS', '29.50', 'per', 'CTNS', '0.000', '29.50']
['', '', '', '250 GR X', '', '18 BG SEEDS H33b', '', '25.00', 'CTNS', '', '', '', '0.000', '25.00']
['', '', '', '', '', '', '', '', '', '', '', '', '', '4.50', '15.3']
['580', 'HM140', '', 'KYJ CHINESE SAUSAGE', '', '', '', '1', 'CTNS', '116.00', 'per', 'CTNS', '0.000', '116.00']
['', '', '', '14 OZ X', '32 BAGS', '03/19/19', '', '103.00', 'CTNS', '', '', '', '0.000', '103.00']
['', '', '', '', '', '', '', '', '', '', '', '', '', '13.00', '11.2']
['590', 'HM141', '', 'KYJ CHICKEN SAUSAGE', '', '', '', '1', 'CTNS', '116.00', 'per', 'CTNS', '0.000', '116.00']
['', '', '', '14 OZ. X', '', '32 BAGS 04/14/19', '', '105.50', 'CTNS', '', '', '', '0.000', '105.50']
['', '', '', '', '', '', '', '', '', '', '', '', '', '10.50', '9.1']
['', '', '', '', '', '', '', '', '', '', '', '', '', '', '7.00', '13.5']
['710', 'CO230', '', 'BANH LU PETIT BEURRE', '', '', '', '200G', '1', 'CTNS', '52.00', 'per', 'CTNS', '0.000', '52.00']
['', '', '', '', '', '', '', '', '', '', '', '', '', '', '2.00', '9.5']
['680', 'CO114A', '', 'BUTTER COCONUT BISCUIT', '', '', '', '', '1', 'CTNS', '21.00', 'per', 'CTNS', '0.000', '21.00']
['', '', '', '', '', '', '', '', '', '', '', '', '', '', '15.00', '12.0']
['650', 'CH121', '', 'CALBEE SHRIMP CHIPS', '', '', '', '4 OZ', '10', 'CTNS', '12.50', 'per', 'CTNS', '0.000', '125.00']
['', '', '', '', '', '', '', '', '', '', '', '', '', '', '4.42', '14.7']
['630', 'FD100', '', 'FOCO ALOE VERA DESSERT', '', '', '', '', '2', 'CTNS', '15.00', 'per', 'CTNS', '0.000', '30.00']
['', '', '', '', '', '', '', '', '', '', '', '', '', '', '4.40', '10.2']
['610', 'FD150A', '', 'CHIN-C ALOE VERA JUICE S', '', '', '', '', '2', 'CTNS', '21.50', 'per CTNS', '', '0.000', '43.00']
['Invoice', '#:', '769276', 'Invoice date:', '', '', '09/24/18', '', 'Customer: L030', 'LITTLE SAIGON INC. (NE)', '', '', 'Sales rep:', '7']
['640', 'CO358', '', 'LOTTE CHOCO PIE L', '', '', '', '(12 PC)', '10', 'CTNS', '13.50', 'per', 'CTNS', '0.000', '135.00']
['', '', '', '28 GM X', '12 PCS X', '', '', '8 BOX', '12.00', 'CTNS', '', '', '', '0.000', '120.00']
['', '', '', '', '', '', '', '', '', '', '', '', '', '', '15.00', '11.1']
['650', 'CH121', '', 'CALBEE SHRIMP CHIPS', '', '', '', '4 OZ', '10', 'CTNS', '12.50', 'per', 'CTNS', '0.000', '125.00']
['', '', '', '4 OZ/12 BAG', '', '', '', '[J47]', '11.00', 'CTNS', '', '', '', '0.000', '110.00']
['', '', '', '', '', '', '', '', '', '', '', '', '', '', '15.00', '12.0']
['660', 'CO112', '', 'ANGEL WAFERS', '', '', '', '', '1', 'CTNS', '23.50', 'per', 'CTNS', '0.000', '23.50']
['', '', '', '3.7 OZ. X', '', '24 BOXES', '', '', '21.00', 'CTNS', '', '', '', '0.000', '21.00']
['', '', '', '', '', '', '', '', '', '', '', '', '', '', '2.50', '10.6']
['680', 'CO114A', '', 'BUTTER COCONUT BISCUIT', '', '', '', '', '1', 'CTNS', '21.00', 'per', 'CTNS', '0.000', '21.00']
['', '', '', '7 OZ X', '', '24 BAGS PARROT B.', '', '', '19.00', 'CTNS', '', '', '', '0.000', '19.00']
['', '', '', '', '', '', '', '', '', '', '', '', '', '', '2.00', '9.5']
['690', 'CA100', '', 'KITKAT GREEN TEA mini', '', '', '', '', '5', 'CTNS', '81.00', 'per', 'CTNS', '0.000', '405.00']
['', '', '', '4.7 OZ', '(2 X', '', '12)', '#16995', '72.00', 'CTNS', '', '', '', '0.000', '360.00']
['', '', '', '', '', '', '', '', '', '', '', '', '', '', '45.00', '11.1']
['710', 'CO230', '', 'BANH LU PETIT BEURRE', '', '', '', '200G', '1', 'CTNS', '52.00', 'per', 'CTNS', '0.000', '52.00']
['', '', '', '200g X', '20', '*FRANCE*', '', "(20'S)", '45.00', 'CTNS', '', '', '', '0.000', '45.00']
['', '', '', '', '', '', '', '', '', '', '', '', '', '', '7.00', '13.5']
['720', 'CO230B', '', 'BANH LU PETIT BEURRE', '', '', '', '400G', '1', 'CTNS', '52.00', 'per', 'CTNS', '0.000', '52.00']
['', '', '', '400g X', '10', '*FRANCE*', '', "(10'S)", '45.00', 'CTNS', '', '', '', '0.000', '45.00']
['', '', '', '', '', '', '', '', '', '', '', '', '', '', '7.00', '13.5']
['', '', '', '', '', '', '', '', '', '', '', '', '', '', '7.10', '26.3']
['850', 'CO298', '', 'NICE CHOICE UMBRELLA CAKE', '', '', '', '', '1', 'CTNS', '27.00', 'per', 'CTNS', '0.000', '27.00']
['', '', '', '', '', '', '', '', '', '', '', '', '', '', '8.80', '25.1']
['820', 'CO294B', '', 'NICE CHOICE BROWN SUGAR', '', '', '', '', '1', 'CTNS', '35.00', 'per', 'CTNS', '0.000', '35.00']
['', '', '', '', '', '', '', '', '', '', '', '', '', '', '4.00', '8.3']
['780', 'CO290', '', 'NICE CHOICE PINEAPLE CAKE', '', '', '', '', '1', 'CTNS', '48.00', 'per', 'CTNS', '0.000', '48.00']
['', '', '', '', '', '', '', '', '', '', '', '', '', '', '5.93', '32.1']
['760', 'CO108B', '', 'COCO RIZ ROLL DURIAN', '', '', '', '', '1', 'CTNS', '18.50', 'per', 'CTNS', '0.000', '18.50']
['', '', '', '', '', '', '', '', '', '', '', '', '', '', '5.43', '30.2']
['740', 'CO108', '', 'COCO RIZ ROLL COCONUT', '', '', '', '', '1', 'CTNS', '18.00', 'per CTNS', '', '0.000', '18.00']
['Invoice', '#:', '769276', 'Invoice date:', '', '', '09/24/18', '', 'Customer: L030', 'LITTLE SAIGON INC. (NE)', '', '', 'Sales rep:', '7']
['770', 'CO116A', '', 'CRISPY ROLLS PANDAN FLV.', '', '', '', '', '1', 'CTNS', '40.00', 'per', 'CTNS', '0.000', '40.00']
['', '', '', '6.3 O/24 BG', '', '', '*RED.B* GREEN', '', '36.00', 'CTNS', '', '', '', '0.000', '36.00']
['', '', '', '', '', '', '', '', '', '', '', '', '', '', '4.00', '10.0']
['780', 'CO290', '', 'NICE CHOICE PINEAPLE CAKE', '', '', '', '', '1', 'CTNS', '48.00', 'per', 'CTNS', '0.000', '48.00']
['', '', '', '8 OZ X', '30 BOX', '', '', '', '44.00', 'CTNS', '', '', '', '0.000', '44.00']
['', '', '', '', '', '', '', '', '', '', '', '', '', '', '4.00', '8.3']
['790', 'CO290A', '', 'NICE CHOICE GREEN TEA', '', '', '', '', '1', 'CTNS', '51.00', 'per', 'CTNS', '0.000', '51.00']
['', '', '', '8 OZ X', '48 BOX', '', '', 'CAKE', '46.50', 'CTNS', '', '', '', '0.000', '46.50']
['', '', '', '', '', '', '', '', '', '', '', '', '', '', '4.50', '8.8']
['820', 'CO294B', '', 'NICE CHOICE BROWN SUGAR', '', '', '', '', '1', 'CTNS', '35.00', 'per', 'CTNS', '0.000', '35.00']
['', '', '', '8 OZ X', '30 BG SACHIMA', '', '', '', '26.20', 'CTNS', '', '', '', '0.000', '26.20']
['', '', '', '', '', '', '', '', '', '', '', '', '', '', '8.80', '25.1']
['830', 'CO294C', '', 'NICE CHOICE TARO SACHIMA', '', '', '', '', '1', 'CTNS', '38.50', 'per', 'CTNS', '0.000', '38.50']
['', '', '', '8 OZ X', '', '30 BG NICE CHOICE', '', '', '29.50', 'CTNS', '', '', '', '0.000', '29.50']
['', '', '', '', '', '', '', '', '', '', '', '', '', '', '9.00', '23.4']
['850', 'CO298', '', 'NICE CHOICE UMBRELLA CAKE', '', '', '', '', '1', 'CTNS', '27.00', 'per', 'CTNS', '0.000', '27.00']
['', '', '', '5.6 OZ X', '', '24 BG BANH TAI', '', '', '19.90', 'CTNS', '', '', '', '0.000', '19.90']
['', '', '', '', '', '', '', '', '', '', '', '', '', '', '7.10', '26.3']
['860', 'CO299', '', 'NICE CHOICE PUFFED RICE', '', '', '', '', '1', 'CTNS', '34.00', 'per', 'CTNS', '0.000', '34.00']
['', '', '', '4 OZ X', '48 BG', '', '', 'BANH COM', '25.40', 'CTNS', '', '', '', '0.000', '25.40']
['', '', '', '', '', '', '', '', '', '', '', '', '', '', '8.60', '25.3']
['', '', '', '', '', '', '', '', '', '', '', '', '', '', '4.82', '28.4']
['970', 'DD151', '', 'VT BOT BANH BO', '', '', '', '', '1', 'CTNS', '17.00', 'per', 'CTNS', '0.000', '17.00']
['', '', '', '', '', '', '', '', '', '', '', '', '', '', '6.02', '36.5']
['950', 'DD152A', '', 'VT BOT BANH LOC', '', '', '', '', '1', 'CTNS', '16.50', 'per', 'CTNS', '0.000', '16.50']
['', '', '', '', '', '', '', '', '', '', '', '', '', '', '3.10', '9.4']
['930', 'BR108', '', 'TEMPLE SOUP PHO BAC', '', '', '', '', '2', 'CTNS', '16.50', 'per', 'CTNS', '0.000', '33.00']
['', '', '', '', '', '', '', '', '', '', '', '', '', '', '6.70', '16.0']
['900', 'EG101', '', 'LUCKY CROWN COOKED SALTED', '', '', '', '', '1', 'CTNS', '42.00', 'per', 'CTNS', '0.000', '42.00']
['', '', '', '', '', '', '', '', '', '', '', '', '', '', '4.00', '10.0']
['880', 'CA106', '', 'TR UME CANDY', '', '', '', '', '1', 'CTNS', '40.00', 'per CTNS', '', '0.000', '40.00']
['Invoice', '#:', '769276', 'Invoice date:', '', '', '09/24/18', '', 'Customer: L030', 'LITTLE SAIGON INC. (NE)', '', '', 'Sales rep:', '7']
['910', 'UT818', '', 'PALLET', '', '', '', '', '3', 'CTNS', '7.50', 'per', 'CTNS', '0.000', '22.50']
['', '', '', 'EACH', '', '', '', '', '5.75', 'CTNS', '', '', '', '0.000', '17.25']
['', '', '', '', '', '', '', '', '', '', '', '', '', '', '5.25', '23.3']
['930', 'BR108', '', 'TEMPLE SOUP PHO BAC', '', '', '', '', '2', 'CTNS', '16.50', 'per', 'CTNS', '0.000', '33.00']
['', '', '', '30 OZ X', '12 CANNED', '', '', '', '14.95', 'CTNS', '', '', '', '0.000', '29.90']
['', '', '', '', '', '', '', '', '', '', '', '', '', '', '3.10', '9.4']
['940', 'PW115', '', 'VANILLA SUGAR', '', '', '', '', '1', 'CTNS', '31.00', 'per', 'CTNS', '0.000', '31.00']
['', '', '', '42 package X', '', '', '10 bag', '', '27.30', 'CTNS', '', '', '', '0.000', '27.30']
['', '', '', '', '', '', '', '', '', '', '', '', '', '', '3.70', '11.9']
['950', 'DD152A', '', 'VT BOT BANH LOC', '', '', '', '', '1', 'CTNS', '16.50', 'per', 'CTNS', '0.000', '16.50']
['', '', '', '14.1 OZ X', '', '30', '', '[G22]', '10.48', 'CTNS', '', '', '', '0.000', '10.48']
['', '', '', '', '', '', '', '', '', '', '', '', '', '', '6.02', '36.5']
['960', 'DD152C', '', 'VT BOT BANH LOT FLOUR', '', '', '', '', '1', 'CTNS', '26.00', 'per', 'CTNS', '0.000', '26.00']
['', '', '', '10.6OZ X', '30', '', '', '', '19.80', 'CTNS', '', '', '', '0.000', '19.80']
['', '', '', '', '', '', '', '', '', '', '', '', '', '', '6.20', '23.8']
['970', 'DD151', '', 'VT BOT BANH BO', '', '', '', '', '1', 'CTNS', '17.00', 'per', 'CTNS', '0.000', '17.00']
['', '', '', '14 OZ X', '20', '', '', '', '12.18', 'CTNS', '', '', '', '0.000', '12.18']
['', '', '', '', '', '', '', '', '', '', '', '', '', '', '4.82', '28.4']
['980', 'DD152J', '', 'VT BOT THINH roasted rice', '', '', '', '', '1', 'CTNS', '27.00', 'per', 'CTNS', '0.000', '27.00']
['', '', '', '3 OZ X', '60 powder', '', '', '8/30/20', '0.00', 'CTNS', '', '', '', '0.000', '0.00']
['', '', '', '', '', '', '', '', '', '', '', '', '', '', '27.00', '100.0']
['', '', '', '', '', '', '', '', '', '', '', '', '', '', '2.40', '10.4']
['80', 'CF291', '', 'CHIN-C GRASS JELLY', '', '', '', '19 OZ', '2', 'CTNS', '11.50', 'per', 'CTNS', '0.000', '23.00']
['', '', '', '', '', '', '', '', '', '', '', '', '', '', '15.00', '6.9']
['60', 'FS220', '', '3 CRAB FISH SAUCE', '', '', '', '', '6', 'CTNS', '36.00', 'per', 'CTNS', '0.000', '216.00']
['', '', '', '', '', '', '', '', '', '', '', '', '', '', '2.00', '9.1']
['40', 'SS155', '', 'MAEKRUA OYSTER SAUCE', '', '', '', '*L*', '1', 'CTNS', '22.00', 'per', 'CTNS', '0.000', '22.00']
['', '', '', '', '', '', '', '', '', '', '', '', '', '', '13.00', '11.2']
['20', 'SA106', '', 'LKK HOISIN SAUCE', '', '', '', '*36 OZ*', '4', 'CTNS', '29.00', 'per', 'CTNS', '0.000', '116.00']
['', '', '', '', '', '', '', '', '', '', '', '', '', '', '13.25', '10.6']
['0', 'SA107', '', 'LKK HOISIN SAUCE', '', '', '', '6X5LBS', '5', 'CTNS', '25.00', 'per CTNS', '', '0.000', '125.00']
['Invoice', '#:', '769276', 'Invoice date:', '', '', '09/24/18', '', 'Customer: L030', 'LITTLE SAIGON INC. (NE)', '', '', 'Sales rep:', '7']
['30', 'SA101', '', 'LKK OYSTER SAUCE', '', '', '', '32 OZ', '2', 'CTNS', '35.00', 'per', 'CTNS', '0.000', '70.00']
['', '', '', '32 OZ X', '12 BT', '', '*300031', '', '29.50', 'CTNS', '', '', '', '0.000', '59.00']
['', '', '', '', '', '', '', '', '', '', '', '', '', '', '11.00', '15.7']
['40', 'SS155', '', 'MAEKRUA OYSTER SAUCE', '', '', '', '*L*', '1', 'CTNS', '22.00', 'per', 'CTNS', '0.000', '22.00']
['', '', '', '20 OZ X', '12 BT', '', '', 'thailand', '20.00', 'CTNS', '', '', '', '0.000', '20.00']
['', '', '', '', '', '', '', '', '', '', '', '', '', '', '2.00', '9.1']
['50', 'SS217', '', 'MELY SOY SAUCE', '', '', '', '21.9 OZ', '1', 'CTNS', '53.00', 'per', 'CTNS', '0.000', '53.00']
['', '', '', '21.9 OZ X', '', '12 BT', '', '[F23]', '48.00', 'CTNS', '', '', '', '0.000', '48.00']
['', '', '', '', '', '', '', '', '', '', '', '', '', '', '5.00', '9.4']
['60', 'FS220', '', '3 CRAB FISH SAUCE', '', '', '', '', '6', 'CTNS', '36.00', 'per', 'CTNS', '0.000', '216.00']
['', '', '', '24 OZ X', '12 BT', '', '', '', '33.50', 'CTNS', '', '', '', '0.000', '201.00']
['', '', '', '', '', '', '', '', '', '', '', '', '', '', '15.00', '6.9']
['70', 'FS132', '', 'PHU QUOC FISH SAUCE*(A)*', '', '', '', '', '3', 'CTNS', '38.00', 'per', 'CTNS', '0.000', '114.00']
['', '', '', '24 Z/12 BT flying lion F3', '', '', '', '', '34.00', 'CTNS', '', '', '', '0.000', '102.00']
['', '', '', '', '', '', '', '', '', '', '', '', '', '', '12.00', '10.5']
['80', 'CF291', '', 'CHIN-C GRASS JELLY', '', '', '', '19 OZ', '2', 'CTNS', '11.50', 'per', 'CTNS', '0.000', '23.00']
['', '', '', '19 OZ X', '12 CANS', '', '', '[E8]', '10.30', 'CTNS', '', '', '', '0.000', '20.60']
['', '', '', '', '', '', '', '', '', '', '', '', '', '', '2.40', '10.4']
['90', 'CC130', '', 'CHAOKOH COCONUT MILK', '', '', '', '13.5', '5', 'CTNS', '25.00', 'per', 'CTNS', '0.000', '125.00']
['', '', '', '13.5 OZ X', '', '24 CANS', '', '', '23.00', 'CTNS', '', '', '', '0.000', '115.00']
['', '', '', '', '', '', '', '', '', '', '', '', '', '', '10.00', '8.0']
['', '', '', '', '', '', '', '', '', '', '', '', '24.00', '100.0']
['190', 'NO114A', '', 'SA GIANG BUN GAO SA DEC', '', '', '1', 'CTNS', '24.00', 'per', 'CTNS', '0.000', '24.00']
['', '', '', '', '', '', '', '', '', '', '', '', '8.00', '20.0']
['170', 'RS135C', '', 'NP BUN TUOI TAY DO', '', '', '1', 'CTNS', '40.00', 'per', 'CTNS', '0.000', '40.00']
['', '', '', '', '', '', '', '', '', '', '', '', '100.10', '27.8']
['150', 'RS104', '', 'MY THO BUN TUOI DAC BIET', '', '', '10', 'CTNS', '36.00', 'per', 'CTNS', '0.000', '360.00']
['', '', '', '', '', '', '', '', '', '', '', '', '122.30', '29.5']
['130', 'RP111C', '', 'BANH TRANG MY THO', '', '*28CM*', '10', 'CTNS', '41.50', 'per', 'CTNS', '0.000', '415.00']
['', '', '', '', '', '', '', '', '', '', '', '', '10.20', '34.0']
['110', 'SU101', '', 'LAL PALM SUGAR', '', '16 OZ', '1', 'CTNS', '30.00', 'per CTNS', '', '0.000', '30.00']
['Invoice', '#:', '769276', 'Invoice date:', '', '09/24/18', 'Customer: L030', 'LITTLE SAIGON INC. (NE)', '', '', 'Sales rep:', '7']
['140', 'RP111C', '', 'BANH TRANG MY THO', '', '*28CM*', '1', 'CTNS', '0.00', 'per', 'CTNS', '0.000', '0.00']
['', '', '', '12 OZ X', '44 BAGS', '[I41]', '29.27', 'CTNS', '', '', '', '0.000', '29.27']
['', '', '', '', '', '', '', '', '', '', '', '', '29.27-', '0.0']
['150', 'RS104', '', 'MY THO BUN TUOI DAC BIET', '', '', '10', 'CTNS', '36.00', 'per', 'CTNS', '0.000', '360.00']
['', '', '', '2 LBS X', '18 BAG', '**10+1**', '25.99', 'CTNS', '', '', '', '0.000', '259.90']
['', '', '', '', '', '', '', '', '', '', '', '', '100.10', '27.8']
['160', 'RS104', '', 'MY THO BUN TUOI DAC BIET', '', '', '1', 'CTNS', '0.00', 'per', 'CTNS', '0.000', '0.00']
['', '', '', '2 LBS X', '18 BAG', '**10+1**', '25.99', 'CTNS', '', '', '', '0.000', '25.99']
['', '', '', '', '', '', '', '', '', '', '', '', '25.99-', '0.0']
['170', 'RS135C', '', 'NP BUN TUOI TAY DO', '', '', '1', 'CTNS', '40.00', 'per', 'CTNS', '0.000', '40.00']
['', '', '', '32 OZ X', '24 BAGS', '', '32.00', 'CTNS', '', '', '', '0.000', '32.00']
['', '', '', '', '', '', '', '', '', '', '', '', '8.00', '20.0']
['180', 'NO114', '', 'SA GIANG BROWN RICE VERMI', '', '', '1', 'CTNS', '24.00', 'per', 'CTNS', '0.000', '24.00']
['', '', '', '7 OZ X', '30 BUN GAO LUC', '', '0.00', 'CTNS', '', '', '', '0.000', '0.00']
['', '', '', '', '', '', '', '', '', '', '', '', '24.00', '100.0']
['190', 'NO114A', '', 'SA GIANG BUN GAO SA DEC', '', '', '1', 'CTNS', '24.00', 'per', 'CTNS', '0.000', '24.00']
['', '', '', '7 OZ X', '30 BAG', '', '0.00', 'CTNS', '', '', '', '0.000', '0.00']
['', '', '', '', '', '', '', '', '', '', '', '', '24.00', '100.0']
['200', 'NO114B', '', 'SA GIANG HU TIEU SA DEC', '', '', '1', 'CTNS', '24.00', 'per', 'CTNS', '0.000', '24.00']
['', '', '', '14 OZ X', '20 BG', '', '0.00', 'CTNS', '', '', '', '0.000', '0.00']
['', '', '', '', '', '', '', '', '', '', '', '', '24.00', '100.0']
['', '', '', '', '', '', '', '', '', '', '', '', '2.50', '9.4']
['300', 'NO451', '', 'VIFON PHO GA', '', '*bag*', '1', 'BDL', '26.50', 'per', 'BDL', '0.000', '26.50']
['', '', '', '', '', '', '', '', '', '', '', '', '4.00', '8.7']
['280', 'NO457', '', 'VIFON BUN RIEU CUA', '', '*bag*', '1', 'BLD', '46.00', 'per', 'BLD', '0.000', '46.00']
['', '', '', '', '', '', '', '', '', '', '', '', '6.00', '10.8']
['260', 'NO240G', '', 'HAO HAO MI CHAY', '', '*CUP*', '3', 'BLD', '18.50', 'per', 'BLD', '0.000', '55.50']
['', '', '', '', '', '', '', '', '', '', '', '', '4.15-', '33.6-']
['240', 'NO240E', '', 'HAO HAO MI TOM CHUA', '', '*CUP*', '1', 'BDL', '12.35', 'per', 'BDL', '0.000', '12.35']
['', '', '', '', '', '', '', '', '', '', '', '', '2.00', '8.7']
['220', 'RI211F', '', '3 LADY BROKEN RICE', '', '50 LBS', '1', 'EACH', '23.00', 'per BAG', '', '0.000', '23.00']
['Invoice', '#:', '769276', 'Invoice date:', '', '09/24/18', 'Customer: L030', 'LITTLE SAIGON INC. (NE)', '', '', 'Sales rep:', '7']
['250', 'NO240F', '', 'HAO HAO ONION SATE', '', '*CUP*', '3', 'BLD', '18.50', 'per', 'BLD', '0.000', '55.50']
['', '', '', '2.3 OZ X', '12 CUP X', '3 BOX', '16.50', 'BLD', '', '', '', '0.000', '49.50']
['', '', '', '', '', '', '', '', '', '', '', '', '6.00', '10.8']
['260', 'NO240G', '', 'HAO HAO MI CHAY', '', '*CUP*', '3', 'BLD', '18.50', 'per', 'BLD', '0.000', '55.50']
['', '', '', '2.3 OZ X', '12 CUP X', '3 BOX', '16.50', 'BLD', '', '', '', '0.000', '49.50']
['', '', '', '', '', '', '', '', '', '', '', '', '6.00', '10.8']
['270', 'NO480', '', 'VIFON HU TIEU CA', '', '*bowl*', '1', 'BDL', '46.00', 'per', 'BDL', '0.000', '46.00']
['', '', '', '12 bowl X', '', '3 BOX [J25]', '42.00', 'BDL', '', '', '', '0.000', '42.00']
['', '', '', '', '', '', '', '', '', '', '', '', '4.00', '8.7']
['280', 'NO457', '', 'VIFON BUN RIEU CUA', '', '*bag*', '1', 'BLD', '46.00', 'per', 'BLD', '0.000', '46.00']
['', '', '', '2.1z X', '(3 X', '30) [J20]', '42.00', 'BLD', '', '', '', '0.000', '42.00']
['', '', '', '', '', '', '', '', '', '', '', '', '4.00', '8.7']
['290', 'NO450', '', 'VIFON PHO BO', '', '*bag*', '1', 'BDL', '26.50', 'per', 'BDL', '0.000', '26.50']
['', '', '', '2.1 OZ', '(3 X', '24) [J18]', '24.00', 'BDL', '', '', '', '0.000', '24.00']
['', '', '', '', '', '', '', '', '', '', '', '', '2.50', '9.4']
['300', 'NO451', '', 'VIFON PHO GA', '', '*bag*', '1', 'BDL', '26.50', 'per', 'BDL', '0.000', '26.50']
['', '', '', '2.1 OZ', '(3 X', '24) [J18]', '24.00', 'BDL', '', '', '', '0.000', '24.00']
['', '', '', '', '', '', '', '', '', '', '', '', '2.50', '9.4']
['310', 'NO463', '', 'VIFON PHO BO', '', '*bowl*', '1', 'CTNS', '27.50', 'per', 'CTNS', '0.000', '27.50']
['', '', '', '2.4 OZ', '(3 X', '12) [J21]', '25.00', 'CTNS', '', '', '', '0.000', '25.00']
['', '', '', '', '', '', '', '', '', '', '', '', '2.50', '9.1']
['', '', '', '', '', '', '', '', '', '5.25', '23.3']
['350', 'UT818', 'PALLET', '', '3', 'CTNS', '7.50', 'per CTNS', '0.000', '22.50']
['', '', '', '', '', '', '', '', '', '38.00', '100.0']
['330', 'CR100C', 'SA GIANG POTATO CHIPS', '', '1', 'CTNS', '38.00', 'per CTNS', '0.000', '38.00']
['Invoice', '#:', '769276', 'Invoice date:', '09/24/18', 'Customer: L030', 'LITTLE SAIGON INC. (NE)', '', 'Sales rep:', '7']
['330', 'CR100C', 'SA GIANG POTATO CHIPS', '', '1', 'CTNS', '38.00', 'per CTNS', '0.000', '38.00']
['', '', '200 GR X', '55 BX KHOAI TAY', '0.00', 'CTNS', '', '', '0.000', '0.00']
['', '', '', '', '', '', '', '', '', '38.00', '100.0']
['340', 'CR100D', 'SA GIANG PHONG KHOAI LAN', '', '1', 'CTNS', '38.00', 'per CTNS', '0.000', '38.00']
['', '', '200 GR X', '55 SWEET POTATO', '0.00', 'CTNS', '', '', '0.000', '0.00']
['', '', '', '', '', '', '', '', '', '38.00', '100.0']
['350', 'UT818', 'PALLET', '', '3', 'CTNS', '7.50', 'per CTNS', '0.000', '22.50']
['', '', 'EACH', '', '5.75', 'CTNS', '', '', '0.000', '17.25']
['', '', '', '', '', '', '', '', '', '5.25', '23.3']
['', '', '', '', '', '', '', 'Invoice totals:', '', '9502.20']
['', '', '', '', '', '', '', '', '', '7924.69']
['', '', '', '', '', '', '', '', '', '1577.51', '16.6']
['', '', '', '', '', '', '', '', '', '', '', '', '30.05', '37.6']
['110', 'DV200', 'LAL COOKING TAMARIND', '', '', '', '1', 'CTNS', '80.00', 'per', 'CTNS', '0.000', '80.00']
['', '', '', '', '', '', '', '', '', '', '', '', '2.00', '12.9']
['80', 'NO325', 'UDON SPICY FLAVOR', '', '', '', '1', 'CTNS', '15.50', 'per', 'CTNS', '0.000', '15.50']
['', '', '', '', '', '', '', '', '', '', '', '', '3.50', '9.6']
['60', 'NO481B', 'VIFON phu gia MIEN MANG', '', '', '', '1', 'CTNS', '36.50', 'per', 'CTNS', '0.000', '36.50']
['', '', '', '', '', '', '', '', '', '', '', '', '3.00', '11.8']
['40', 'NO148A', 'GOOD SPARERIBS VERMICELLI', '', '', '', '1', 'CTNS', '25.50', 'per', 'CTNS', '0.000', '25.50']
['', '', '', '', '', '', '', '', '', '', '', '', '3.00', '10.8']
['2', 'WK105C', 'WOO KEE PAD THAI', '', '1 LB', '', '30', 'BAGS', '0.93', 'per BAGS', '', '0.000', '27.90']
['Invoice', '#:', '769277', 'Invoice date:', '09/24/18', 'Customer: WAH', 'WAH WAH FAMILY ASIAN MKT', '', 'Sales rep:', '7']
['50', 'NO468', 'VIFON CHAO HAI SAN', '', '', '*BOWL*', '1', 'BUND', '46.00', 'per', 'BUND', '0.000', '46.00']
['', '', '4.2 z/36 bowl/CS', '', '', '', '42.00', 'BUND', '', '', '', '0.000', '42.00']
['', '', '', '', '', '', '', '', '', '', '', '', '4.00', '8.7']
['60', 'NO481B', 'VIFON phu gia MIEN MANG', '', '', '', '1', 'CTNS', '36.50', 'per', 'CTNS', '0.000', '36.50']
['', '', '60 G/12 BG/', '6', 'GIO HEO', '', '33.00', 'CTNS', '', '', '', '0.000', '33.00']
['', '', '', '', '', '', '', '', '', '', '', '', '3.50', '9.6']
['70', 'NO320', 'UDON CHICKEN FLAVOR', '', '', '', '1', 'CTNS', '15.50', 'per', 'CTNS', '0.000', '15.50']
['', '', '7 OZ X', '30 BAGS', 'CHIKARA', '', '13.50', 'CTNS', '', '', '', '0.000', '13.50']
['', '', '', '', '', '', '', '', '', '', '', '', '2.00', '12.9']
['80', 'NO325', 'UDON SPICY FLAVOR', '', '', '', '1', 'CTNS', '15.50', 'per', 'CTNS', '0.000', '15.50']
['', '', '7.25 OZ X', '30 BAG', '', 'CHIKARA', '13.50', 'CTNS', '', '', '', '0.000', '13.50']
['', '', '', '', '', '', '', '', '', '', '', '', '2.00', '12.9']
['90', 'NO333', 'MAMA CLEAR BEANTHREAD', '', '', '', '1', 'CTNS', '56.00', 'per', 'CTNS', '0.000', '56.00']
['', '', '1.7 OZ X', '(6 X', '30)', '[J3]', '50.00', 'CTNS', '', '', '', '0.000', '50.00']
['', '', '', '', '', '', '', '', '', '', '', '', '6.00', '10.7']
['110', 'DV200', 'LAL COOKING TAMARIND', '', '', '', '1', 'CTNS', '80.00', 'per', 'CTNS', '0.000', '80.00']
['', '', '14 OZ X', '50 BAGS', '', '10+1', '49.95', 'CTNS', '', '', '', '0.000', '49.95']
['', '', '', '', '', '', '', '', '', '', '', '', '30.05', '37.6']
['120', 'MI120', 'BLACK & WHITE COND. MILK', '', '', '', '2', 'CTNS', '38.00', 'per', 'CTNS', '0.000', '76.00']
['', '', '14 OZ X', '24 CANS', '', '[C25]', '32.00', 'CTNS', '', '', '', '0.000', '64.00']
['', '', '', '', '', '', '', '', '', '', '', '', '12.00', '15.8']
['', '', '', '', '', '', '', '', '', '', '', '', '', '27.00', '28.1']
['270', 'COF109C', 'TRUNG NGUYEN COFEE', '', '', '', '*20PK', '2', 'CTNS', '48.00', 'per', 'CTNS', '0.000', '96.00']
['', '', '', '', '', '', '', '', '', '', '', '', '', '2.60', '9.3']
['230', 'FD146', 'CHIN-C BASIL SEED DRINK', '', '', '', '', '2', 'CTNS', '14.00', 'per', 'CTNS', '0.000', '28.00']
['', '', '', '', '', '', '', '', '', '', '', '', '', '2.00', '12.5']
['210', 'NT101', 'SHJ. GARLIC GREEN PEAS', '', '', '', '', '1', 'CTNS', '16.00', 'per', 'CTNS', '0.000', '16.00']
['', '', '', '', '', '', '', '', '', '', '', '', '', '10.80', '25.7']
['170', 'BN102B', 'KASET GREEN MUNG BEAN', '', '', '', '', '1', 'CTNS', '42.00', 'per', 'CTNS', '0.000', '42.00']
['', '', '', '', '', '', '', '', '', '', '', '', '', '1.80', '10.3']
['140', 'BR115', 'NEW CHOICE CHICKEN BROTH', '', '', '', '', '3', 'CTNS', '5.80', 'per CTNS', '', '0.000', '17.40']
['Invoice', '#:', '769277', 'Invoice date:', '09/24/18', 'Customer: WAH', 'WAH WAH FAMILY ASIAN MKT', '', 'Sales rep:', '7']
['190', 'CO350', 'LOTTE CUSTARD CAKE', '', '', '', '*S*', '1', 'CTNS', '19.75', 'per', 'CTNS', '0.000', '19.75']
['', '', '144g X', '12 bx', '', '', '', '14.40', 'CTNS', '', '', '', '0.000', '14.40']
['', '', '', '', '', '', '', '', '', '', '', '', '', '5.35', '27.1']
['210', 'NT101', 'SHJ. GARLIC GREEN PEAS', '', '', '', '', '1', 'CTNS', '16.00', 'per', 'CTNS', '0.000', '16.00']
['', '', '8.46 OZ X', '10 BAGS', '', '', '', '14.00', 'CTNS', '', '', '', '0.000', '14.00']
['', '', '', '', '', '', '', '', '', '', '', '', '', '2.00', '12.5']
['220', 'NT180B', 'NAGARAYA PEANUT (BUTTER', '', '', '', '', '1', 'CTNS', '52.00', 'per', 'CTNS', '0.000', '52.00']
['', '', '5.6 OZ X', '48', '[H27b] ORIG)', '', '', '46.80', 'CTNS', '', '', '', '0.000', '46.80']
['', '', '', '', '', '', '', '', '', '', '', '', '', '5.20', '10.0']
['230', 'FD146', 'CHIN-C BASIL SEED DRINK', '', '', '', '', '2', 'CTNS', '14.00', 'per', 'CTNS', '0.000', '28.00']
['', '', '10.7 OZ X', '24 CAN', '', 'CRV001', '', '12.70', 'CTNS', '', '', '', '0.000', '25.40']
['', '', '', '', '', '', '', '', '', '', '', '', '', '2.60', '9.3']
['240', 'FD340', 'TASTE NIRVANA THAI TEA-B', '', '', '', '', '2', 'CTNS', '20.50', 'per', 'CTNS', '0.000', '41.00']
['', '', '9.5 OZ X', '24 BT', '', '[E34] CRV6', '', '18.25', 'CTNS', '', '', '', '0.000', '36.50']
['', '', '', '', '', '', '', '', '', '', '', '', '', '4.50', '11.0']
['270', 'COF109C', 'TRUNG NGUYEN COFEE', '', '', '', '*20PK', '2', 'CTNS', '48.00', 'per', 'CTNS', '0.000', '96.00']
['', '', '20TB X', '24', '3in1', '*TT*', '10+1', '34.50', 'CTNS', '', '', '', '0.000', '69.00']
['', '', '', '', '', '', '', '', '', '', '', '', '', '27.00', '28.1']
['280', 'PW130', 'OVALTINE', '', '14 oz', '', '', '1', 'CTNS', '43.00', 'per', 'CTNS', '0.000', '43.00']
['', '', '14 OZ X', '12 BT', '', '', '[D25]', '39.50', 'CTNS', '', '', '', '0.000', '39.50']
['', '', '', '', '', '', '', '', '', '', '', '', '', '3.50', '8.1']
['', '', '', '', '', '', '', '', '', '', '', '', '', '8.00', '22.2']
['460', 'FR326B', "O'TASTY CHICKN POTSTICKER", '', '', '', '', '1', 'CTNS', '36.00', 'per', 'CTNS', '0.000', '36.00']
['', '', '', '', '', '', '', '', '', '', '', '', '', '3.00', '13.0']
['451', 'CF250', 'CHAOKOH COCONUT GEL', '', '', '', '', '1', 'CTNS', '23.00', 'per', 'CTNS', '0.000', '23.00']
['', '', '', '', '', '', '', '', '', '', '', '', '', '7.30', '20.3']
['410', 'UT424', 'T.W STEAMER', '', '', '*S* HOLE', '28CM', '2', 'EACH', '18.00', 'per', 'EACH', '0.000', '36.00']
['', '', '', '', '', '', '', '', '', '', '', '', '', '4.00', '18.2']
['350', 'UT231', 'BUTANE GAS', '', '', '', '', '1', 'CTNS', '22.00', 'per', 'CTNS', '0.000', '22.00']
['', '', '', '', '', '', '', '', '', '', '', '', '', '2.00', '16.7']
['320', 'UT290', 'UNCLEAR PLASTIC BAG HD-14', '', '', '', '', '1', 'CTNS', '12.00', 'per CTNS', '', '0.000', '12.00']
['Invoice', '#:', '769277', 'Invoice date:', '09/24/18', 'Customer: WAH', 'WAH WAH FAMILY ASIAN MKT', '', 'Sales rep:', '7']
['400', 'UT429', 'TW STEAMER*S.L* HOLE', '', '', '', '40CM', '1', 'EACH', '38.00', 'per', 'EACH', '0.000', '38.00']
['', '', '40 CM', '/ EACH', '', '', '', '29.00', 'EACH', '', '', '', '0.000', '29.00']
['', '', '', '', '', '', '', '', '', '', '', '', '', '9.00', '23.7']
['410', 'UT424', 'T.W STEAMER', '', '', '*S* HOLE', '28CM', '2', 'EACH', '18.00', 'per', 'EACH', '0.000', '36.00']
['', '', '28 CM', '/ EACH', '', '#502', '---', '14.35', 'EACH', '', '', '', '0.000', '28.70']
['', '', '', '', '', '', '', '', '', '', '', '', '', '7.30', '20.3']
['450', 'UT180A', '2 PLY BLANKET', '', '', '200X240 CM', '', '1', 'CTNS', '162.00', 'per', 'CTNS', '0.000', '162.00']
['', '', '6 PCS/CS', '', '*HAPPY FAMILY*', '', '', '83.78', 'CTNS', '', '', '', '0.000', '83.78']
['', '', '', '', '', '', '', '', '', '', '', '', '', '78.22', '48.3']
['451', 'CF250', 'CHAOKOH COCONUT GEL', '', '', '', '', '1', 'CTNS', '23.00', 'per', 'CTNS', '0.000', '23.00']
['', '', '17.6 OZ X', '', '24 JAR', '', '', '20.00', 'CTNS', '', '', '', '0.000', '20.00']
['', '', '', '', '', '', '', '', '', '', '', '', '', '3.00', '13.0']
['452', 'CF141', 'CHOW-Q MACAPUNO STRINGS', '', '', '', '', '1', 'CTNS', '48.00', 'per', 'CTNS', '0.000', '48.00']
['', '', '12 OZ X', '', '24 BT', '', '', '26.53', 'CTNS', '', '', '', '0.000', '26.53']
['', '', '', '', '', '', '', '', '', '', '', '', '', '21.47', '44.7']
['460', 'FR326B', "O'TASTY CHICKN POTSTICKER", '', '', '', '', '1', 'CTNS', '36.00', 'per', 'CTNS', '0.000', '36.00']
['', '', '32 OZ X', '', '8 BAGS pre-cooked', '', '', '28.00', 'CTNS', '', '', '', '0.000', '28.00']
['', '', '', '', '', '', '', '', '', '', '', '', '', '8.00', '22.2']
['470', 'FR326A', "O'TASTY PORK POTSTICKER", '', '', '', '', '1', 'CTNS', '36.00', 'per', 'CTNS', '0.000', '36.00']
['', '', '32 OZ X', '', '8 BAGS pre-cooked', '', '', '28.00', 'CTNS', '', '', '', '0.000', '28.00']
['', '', '', '', '', '', '', '', '', '', '', '', '', '8.00', '22.2']
['', '', '', '', '', '', '', '', '', '', '', '', '12.00', '18.2']
['610', 'UT231', 'BUTANE GAS', '', '', '', '3', 'CTNS', '22.00', 'per', 'CTNS', '0.000', '66.00']
['', '', '', '', '', '', '', '', '', '', '', '', '24.00', '10.8']
['590', 'FR102', 'GREENSHELL MUSSELS N.Z.', '', '', '', '2', 'CTNS', '111.60', 'per', 'CTNS', '0.000', '223.20']
['', '', '', '', '', '', '', '', '', '', '', '', '16.00', '12.1']
['550', 'FR826B', 'FRESH WATER SHRIMP', '', '4-6', '', '1', 'CTNS', '132.00', 'per', 'CTNS', '0.000', '132.00']
['', '', '', '', '', '', '', '', '', '', '', '', '36.00', '7.6']
['530', 'FR827', 'SHRIMP H/O', '', '30/40 CHAMPMAR', '', '3', 'CTNS', '158.00', 'per', 'CTNS', '0.000', '474.00']
['', '', '', '', '', '', '', '', '', '', '', '3.28', '11.2']
['490', 'TO103', 'HOUSE FIRM TOFU (RED)4pcs', '', '', '2', 'CTNS', '14.60', 'per CTNS', '', '0.000', '29.20']
['Invoice', '#:', '769277', 'Invoice date:', '09/24/18', 'Customer: WAH', 'WAH WAH FAMILY ASIAN MKT', '', 'Sales rep:', '7']
['540', 'FR827C', 'SHRIMP H/L S/O', '', '26/30', '*EQ*', '2', 'CTNS', '180.00', 'per', 'CTNS', '0.000', '360.00']
['', '', '10/4lb marcol', '', '$4.50/lb', '', '142.00', 'CTNS', '', '', '', '0.000', '284.00']
['', '', '', '', '', '', '', '', '', '', '', '', '76.00', '21.1']
['550', 'FR826B', 'FRESH WATER SHRIMP', '', '4-6', '', '1', 'CTNS', '132.00', 'per', 'CTNS', '0.000', '132.00']
['', '', '2lbs/10 tom cang', '', '', '$6.60/lb', '116.00', 'CTNS', '', '', '', '0.000', '116.00']
['', '', '', '', '', '', '', '', '', '', '', '', '16.00', '12.1']
['570', 'FR827II', 'SHRIMP P&D T/F', '', '', '26/30 IQF', '1', 'CTNS', '49.00', 'per', 'CTNS', '0.000', '49.00']
['', '', '5/2 LB INDIA', '', '$4.90/LB.', '', '42.50', 'CTNS', '', '', '', '0.000', '42.50']
['', '', '', '', '', '', '', '', '', '', '', '', '6.50', '13.3']
['590', 'FR102', 'GREENSHELL MUSSELS N.Z.', '', '', '', '2', 'CTNS', '111.60', 'per', 'CTNS', '0.000', '223.20']
['', '', '2 LBS X', '12 BOX', '', '$4.65/LBS', '99.60', 'CTNS', '', '', '', '0.000', '199.20']
['', '', '', '', '', '', '', '', '', '', '', '', '24.00', '10.8']
['600', 'FR125', 'SUN THIT OC BU SNAIL MEAT', '', '', '', '1', 'CTNS', '49.00', 'per', 'CTNS', '0.000', '49.00']
['', '', '14OZ X', '30', '*F0035', '', '43.50', 'CTNS', '', '', '', '0.000', '43.50']
['', '', '', '', '', '', '', '', '', '', '', '', '5.50', '11.2']
['610', 'UT231', 'BUTANE GAS', '', '', '', '3', 'CTNS', '22.00', 'per', 'CTNS', '0.000', '66.00']
['', '', '8 OZ X', '28 BOTTLES', '', '', '18.00', 'CTNS', '', '', '', '0.000', '54.00']
['', '', '', '', '', '', '', '', '', '', '', '', '12.00', '18.2']
['620', 'UT818', 'SPONGE W/SCUBBER', '', '', '', '1', 'CTNS', '211.00', 'per', 'CTNS', '0.000', '211.00']
['', '', 'CASE/48 PKS X', '', '6 PCS', '', '5.75', 'CTNS', '', '', '', '0.000', '5.75']
['', '', '', '', '', '', '', '', '', '', '', '', '205.25', '97.3']
['', '', '', '', '', '', '', '', '', '', '12.00', '9.1']
['640', 'HM152', '', 'CALIFORNIA.PORK SAUSAGE', '', '1', 'CTNS', '132.00', 'per CTNS', '0.000', '132.00']
['Invoice', '#:', '769277', 'Invoice date:', '09/24/18', 'Customer: WAH', 'WAH WAH FAMILY ASIAN MKT', '', 'Sales rep:', '7']
['', '', '', '', '', '', '', '', '', '', '12.00', '9.1']
['640', 'HM152', '', 'CALIFORNIA.PORK SAUSAGE', '', '1', 'CTNS', '132.00', 'per CTNS', '0.000', '132.00']
['', '', '', '16 OZ X', '24 BAG', '120.00', 'CTNS', '', '', '0.000', '120.00']
['', '', '', '', '', '', '', '', '', '', '12.00', '9.1']
['650', 'UT818', '', 'PALLET', '', '1', 'CTNS', '7.50', 'per CTNS', '0.000', '7.50']
['', '', '', 'EACH', '', '5.75', 'CTNS', '', '', '0.000', '5.75']
['', '', '', '', '', '', '', '', '', '', '1.75', '23.3']
['', '', '', '', '', '', '', '', 'Invoice totals:', '', '3685.65']
['', '', '', '', '', '', '', '', '', '', '3061.73']
['', '', '', '', '', '', '', '', '', '', '623.92', '16.9']
['', '', '', '', '', '', '', '', '', '', '', '', '', '', '', '22.50', '8.3']
['20', 'NO248', '', 'LA BO DE MI CHAY', '', '', '', '', '15', 'BDL', '', '18.00', 'per BDL', '', '0.000', '270.00']
['Invoice', '#:', '769278', 'Invoice date:', '', '', '09/25/18', '', 'Customer: N007', '', "NEW JAPAN INT'L", '', '/ DS-1113', '', 'Sales rep:', '5']
['10', 'COF109A', '', 'TRUNG NGUYEN COFFE', '', '', '', '*100ST', '60', 'CTNS', '', '40.75', 'per CTNS', '', '0.000', '2445.00']
['', '', '', '100 X', '5', '3in1 EXPORT', '', '', '34.20', 'CTNS', '', '', '', '', '0.000', '2052.00']
['', '', '', '', '', '', '', '', '', '', '', '', '', '', '', '393.00', '16.1']
['20', 'NO248', '', 'LA BO DE MI CHAY', '', '', '', '', '15', 'BDL', '', '18.00', 'per BDL', '', '0.000', '270.00']
['', '', '', '2.28 OZ', '', '(3 X', '30)', '[J16]', '16.50', 'BDL', '', '', '', '', '0.000', '247.50']
['', '', '', '', '', '', '', '', '', '', '', '', '', '', '', '22.50', '8.3']
['', '', '', '', '', '', '', '', '', '', '', '', '', 'Invoice totals:', '', '2715.00']
['', '', '', '', '', '', '', '', '', '', '', '', '', '', '', '2299.50']
['', '', '', '', '', '', '', '', '', '', '', '', '', '', '', '415.50', '15.3']
['', '', '', '', '', '', '', '', '', '', '', '', '', '', '', '10.20', '10.0']
['52', 'BR124', '', 'QUOC VIET SOUP CHAY', '', '', '', '*S*', '1', 'CTNS', '', '102.00', 'per', 'CTNS', '0.000', '102.00']
['', '', '', '', '', '', '', '', '', '', '', '', '', '', '', '9.08', '9.1']
['40', 'PW303A', '', 'LOTUS GIA VI BO HUE', '', '', '', '', '2', 'CTNS', '', '50.00', 'per', 'CTNS', '0.000', '100.00']
['', '', '', '', '', '', '', '', '', '', '', '', '', '', '', '9.10', '9.1']
['20', 'PW303', '', 'LOTUS SEASONING', '', '', '', '', '2', 'CTNS', '', '50.00', 'per', 'CTNS', '0.000', '100.00']
['', '', '', '', '', '', '', '', '', '', '', '', '', '', '', '100.00', '9.3']
['11', 'TA120', '', 'WUFU TAPIOCA PEARL', '', '', '', '*BLACK', '20', 'CTNS', '', '54.00', 'per', 'CTNS', '0.000', '1080.00']
['', '', '', '', '', '', '', '', '', '', '', '', '', '', '', '50.76', '13.4']
['6', 'PW231C', '', 'KNORR BEEF BOUILLON MIX', '', '', '', '', '18', 'BOX', '', '21.00', 'per BOX', '', '0.000', '378.00']
['Invoice', '#:', '769279', 'Invoice date:', '', '', '09/25/18', '', 'Customer: YOUNG', '', "YOUNG'S TRADING", '', '', '', 'Sales rep:', '5']
['12', 'TA121', '', 'WUFU TAPIOCA PEARL', '', '', '', '*COLOR', '11', 'CTNS', '', '54.00', 'per', 'CTNS', '0.000', '594.00']
['', '', '', '8.8 OZ X', '', '36 BG', '*1607556*', '', '49.00', 'CTNS', '', '', '', '', '0.000', '539.00']
['', '', '', '', '', '', '', '', '', '', '', '', '', '', '', '55.00', '9.3']
['20', 'PW303', '', 'LOTUS SEASONING', '', '', '', '', '2', 'CTNS', '', '50.00', 'per', 'CTNS', '0.000', '100.00']
['', '', '', '2.7 OZ X', '', '24', '', '', '45.45', 'CTNS', '', '', '', '', '0.000', '90.90']
['', '', '', '', '', '', '', '', '', '', '', '', '', '', '', '9.10', '9.1']
['30', 'PW303C', '', 'LOTUS GIA VI PHO GA', '', '', '', '', '2', 'CTN', '', '50.00', 'per', 'CTN', '0.000', '100.00']
['', '', '', '2.7 OZ X', '', '24 BAGS', '', '', '45.45', 'CTN', '', '', '', '', '0.000', '90.90']
['', '', '', '', '', '', '', '', '', '', '', '', '', '', '', '9.10', '9.1']
['40', 'PW303A', '', 'LOTUS GIA VI BO HUE', '', '', '', '', '2', 'CTNS', '', '50.00', 'per', 'CTNS', '0.000', '100.00']
['', '', '', '24 BAGS', '', '', '', '', '45.46', 'CTNS', '', '', '', '', '0.000', '90.92']
['', '', '', '', '', '', '', '', '', '', '', '', '', '', '', '9.08', '9.1']
['51', 'RS104', '', 'MY THO RICE VERMICELLI', '', '', '', '', '11', 'CTNS', '', '31.82', 'per', 'CTNS', '0.000', '350.02']
['', '', '', '2 LBS X', '', '18 BAG', '', '', '25.99', 'CTNS', '', '', '', '', '0.000', '285.89']
['', '', '', '', '', '', '', '', '', '', '', '', '', '', '', '64.13', '18.3']
['52', 'BR124', '', 'QUOC VIET SOUP CHAY', '', '', '', '*S*', '1', 'CTNS', '', '102.00', 'per', 'CTNS', '0.000', '102.00']
['', '', '', '10 OZ X', '', '24 JARS', '', '#12', '91.80', 'CTNS', '', '', '', '', '0.000', '91.80']
['', '', '', '', '', '', '', '', '', '', '', '', '', '', '', '10.20', '10.0']
['80', 'PW126', '', 'NESTLE MILO POWDER', '', '', '', '', '4', 'CTNS', '', '68.00', 'per', 'CTNS', '0.000', '272.00']
['', '', '', '1.5 KG X', '', '6 TIN', '', '[D19]', '59.00', 'CTNS', '', '', '', '', '0.000', '236.00']
['', '', '', '', '', '', '', '', '', '', '', '', '', '', '', '36.00', '13.2']
['', '', '', '', '', '', '', '', '', '', '', '', '', '', '', '22.50', '10.0']
['210', 'CO155C', '', 'HELLO PANDA STRAWBERY', '', '', '', '*L*', '9', 'CTNS', '', '25.00', 'per', 'CTNS', '0.000', '225.00']
['', '', '', '', '', '', '', '', '', '', '', '', '', '', '', '30.20', '8.4']
['180', 'UT611', '', 'TIGER RICE COOKER', '', '', '', '5.5 CUP', '4', 'EACH', '', '90.00', 'per', 'EACH', '0.000', '360.00']
['', '', '', '', '', '', '', '', '', '', '', '', '', '', '', '40.00', '9.3']
['150', 'RS143', '', 'NG FUNG LAIFEN', '', '', '', '', '8', 'CTNS', '', '54.00', 'per', 'CTNS', '0.000', '432.00']
['', '', '', '', '', '', '', '', '', '', '', '', '', '', '', '27.50', '10.6']
['120', 'CO151', '', 'MEIJI YAN YAN STRAWBERRY', '', '', '', '', '5', 'CTNS', '', '52.00', 'per', 'CTNS', '0.000', '260.00']
['', '', '', '', '', '', '', '', '', '', '', '', '', '', '', '27.50', '10.6']
['100', 'CO150', '', 'MEIJI YAN YAN CHOCOLATE', '', '', '', '', '5', 'CTNS', '', '52.00', 'per CTNS', '', '0.000', '260.00']
['Invoice', '#:', '769279', 'Invoice date:', '', '', '09/25/18', '', 'Customer: YOUNG', '', "YOUNG'S TRADING", '', '', '', 'Sales rep:', '5']
['140', 'BR120', '', 'QUOC VIET SEASONING', '', '', '', '', '1', 'CTNS', '', '102.00', 'per', 'CTNS', '0.000', '102.00']
['', '', '', '10 OZ X', '', '24 JARS', '', '', '91.80', 'CTNS', '', '', '', '', '0.000', '91.80']
['', '', '', '', '', '', '', '', '', '', '', '', '', '', '', '10.20', '10.0']
['150', 'RS143', '', 'NG FUNG LAIFEN', '', '', '', '', '8', 'CTNS', '', '54.00', 'per', 'CTNS', '0.000', '432.00']
['', '', '', '14 OZ/60 BG', '', '', '', '', '49.00', 'CTNS', '', '', '', '', '0.000', '392.00']
['', '', '', '', '', '', '', '', '', '', '', '', '', '', '', '40.00', '9.3']
['170', 'UT613A', '', 'TIGER RICE COOKER', '', '', '', '10 CUP*', '4', 'EACH', '', '107.00', 'per', 'EACH', '0.000', '428.00']
['', '', '', 'EACH JNP-S18U STAINLESS', '', '', '', '', '97.29', 'EACH', '', '', '', '', '0.000', '389.16']
['', '', '', '', '', '', '', '', '', '', '', '', '', '', '', '38.84', '9.1']
['180', 'UT611', '', 'TIGER RICE COOKER', '', '', '', '5.5 CUP', '4', 'EACH', '', '90.00', 'per', 'EACH', '0.000', '360.00']
['', '', '', 'PIECE', '', '', '(JNP-1000)', '', '82.45', 'EACH', '', '', '', '', '0.000', '329.80']
['', '', '', '', '', '', '', '', '', '', '', '', '', '', '', '30.20', '8.4']
['200', 'CO155B', '', 'HELLO PANDA CHOCOLATE', '', '', '', '*L*', '7', 'CTNS', '', '25.00', 'per', 'CTNS', '0.000', '175.00']
['', '', '', '9.1 OZ X', '', '8 BOX', 'COOKIES', '', '22.50', 'CTNS', '', '', '', '', '0.000', '157.50']
['', '', '', '', '', '', '', '', '', '', '', '', '', '', '', '17.50', '10.0']
['210', 'CO155C', '', 'HELLO PANDA STRAWBERY', '', '', '', '*L*', '9', 'CTNS', '', '25.00', 'per', 'CTNS', '0.000', '225.00']
['', '', '', '9.1 OZ X', '', '8 BOX', 'COOKIES', '', '22.50', 'CTNS', '', '', '', '', '0.000', '202.50']
['', '', '', '', '', '', '', '', '', '', '', '', '', '', '', '22.50', '10.0']
['220', 'CO156', '', 'HELLO PANDA VANILLA', '', '', '', '', '5', 'CTNS', '', '52.00', 'per', 'CTNS', '0.000', '260.00']
['', '', '', '2 OZ/80 BX', '', '', 'COOKIES', '[H5b]', '46.80', 'CTNS', '', '', '', '', '0.000', '234.00']
['', '', '', '', '', '', '', '', '', '', '', '', '', '', '', '26.00', '10.0']
['', '', '', '', '', '', '', '', '', '', '', '', '', '', '16.24', '10.5']
['330', 'PW509', '', 'MEI WEI PANDAN PUDDING', '', '', '', '7', 'CTNS', '', '22.00', 'per', 'CTNS', '0.000', '154.00']
['', '', '', '', '', '', '', '', '', '', '', '', '', '', '6.00', '9.7']
['310', 'DD128', '', 'KTT STEAM RICE ROLL', '', '', '', '2', 'CTNS', '', '31.00', 'per', 'CTNS', '0.000', '62.00']
['', '', '', '', '', '', '', '', '', '', '', '', '', '', '6.00', '10.0']
['290', 'DD106', '', 'KTT SPICE CLAY POT MIX', '', '', '', '2', 'CTNS', '', '30.00', 'per', 'CTNS', '0.000', '60.00']
['', '', '', '', '', '', '', '', '', '', '', '', '', '', '6.00', '11.1']
['270', 'DD107', '', 'KTT ROASTED RICE POWDER', '', '', '', '2', 'CTNS', '', '27.00', 'per', 'CTNS', '0.000', '54.00']
['', '', '', '', '', '', '', '', '', '', '', '', '', '', '52.00', '10.0']
['240', 'CO157', '', 'HELLO PANDA CHOCOLATE', '', '', '', '10', 'CTNS', '', '52.00', 'per CTNS', '', '0.000', '520.00']
['Invoice', '#:', '769279', 'Invoice date:', '', '', '09/25/18', 'Customer: YOUNG', '', "YOUNG'S TRADING", '', '', '', 'Sales rep:', '5']
['280', 'PW150', '', 'BAO LONG SEASONING', '', '', '', '1', 'CTNS', '', '37.00', 'per', 'CTNS', '0.000', '37.00']
['', '', '', '144 BOX', '', '', '*6/7/2020', '26.09', 'CTNS', '', '', '', '', '0.000', '26.09']
['', '', '', '', '', '', '', '', '', '', '', '', '', '', '10.91', '29.5']
['290', 'DD106', '', 'KTT SPICE CLAY POT MIX', '', '', '', '2', 'CTNS', '', '30.00', 'per', 'CTNS', '0.000', '60.00']
['', '', '', '2z/50', '', '', '', '27.00', 'CTNS', '', '', '', '', '0.000', '54.00']
['', '', '', '', '', '', '', '', '', '', '', '', '', '', '6.00', '10.0']
['300', 'DD125', '', 'KTT FRIED CAKE MIX', '', '', '', '1', 'CTNS', '', '36.50', 'per', 'CTNS', '0.000', '36.50']
['', '', '', '12OZ/50', '', '', '', '32.50', 'CTNS', '', '', '', '', '0.000', '32.50']
['', '', '', '', '', '', '', '', '', '', '', '', '', '', '4.00', '11.0']
['310', 'DD128', '', 'KTT STEAM RICE ROLL', '', '', '', '2', 'CTNS', '', '31.00', 'per', 'CTNS', '0.000', '62.00']
['', '', '', '12OZ/50', '', '', 'FLOUR', '28.00', 'CTNS', '', '', '', '', '0.000', '56.00']
['', '', '', '', '', '', '', '', '', '', '', '', '', '', '6.00', '9.7']
['320', 'DD105', '', 'KTT BBQ SPICE MIX', '', '', '', '2', 'CTNS', '', '37.00', 'per', 'CTNS', '0.000', '74.00']
['', '', '', '2z/50 BAG', '', '', '', '33.00', 'CTNS', '', '', '', '', '0.000', '66.00']
['', '', '', '', '', '', '', '', '', '', '', '', '', '', '8.00', '10.8']
['330', 'PW509', '', 'MEI WEI PANDAN PUDDING', '', '', '', '7', 'CTNS', '', '22.00', 'per', 'CTNS', '0.000', '154.00']
['', '', '', '5.3 OZ X', '', '24 BAG', 'MIX', '19.68', 'CTNS', '', '', '', '', '0.000', '137.76']
['', '', '', '', '', '', '', '', '', '', '', '', '', '', '16.24', '10.5']
['340', 'PW510', '', 'MEI WEI COCONUT MILK', '', '', '', '4', 'CTNS', '', '22.00', 'per', 'CTNS', '0.000', '88.00']
['', '', '', '5.3 OZ X', '', '24 BAG', 'PUDDING', '19.68', 'CTNS', '', '', '', '', '0.000', '78.72']
['', '', '', '', '', '', '', '', '', '', '', '', '', '', '9.28', '10.5']
['', '', '', '', '', '', '', '', '', '', '', '', '', '', '10.20', '10.0']
['480', 'BR129', '', 'QUOC VIET SOUP HEO', '', '', '*S', '1', 'CTNS', '', '102.00', 'per', 'CTNS', '0.000', '102.00']
['', '', '', '', '', '', '', '', '', '', '', '', '', '', '15.00', '14.3']
['460', 'PW527B', '', 'NORA MONGGO/MUNG BEAN', '', '', '', '10', 'CTNS', '', '10.50', 'per', 'CTNS', '0.000', '105.00']
['', '', '', '', '', '', '', '', '', '', '', '', '', '', '7.00', '9.2']
['440', 'CA119E', '', 'MORINAGA', '', '*BAGS* YOGURT', '', '10', 'CTNS', '', '7.60', 'per', 'CTNS', '0.000', '76.00']
['', '', '', '', '', '', '', '', '', '', '', '', '', '', '12.60', '9.2']
['420', 'CA119B', '', 'MORINAGA', '', '*BAG* TROPICAL', '', '18', 'CTNS', '', '7.60', 'per', 'CTNS', '0.000', '136.80']
['', '', '', '', '', '', '', '', '', '', '', '', '', '', '10.91', '29.5']
['355', 'PW161A', '', 'BAO LONG HU TIEU NAM VANG', '', '', '', '1', 'CTNS', '', '37.00', 'per CTNS', '', '0.000', '37.00']
['Invoice', '#:', '769279', 'Invoice date:', '', '', '09/25/18', 'Customer: YOUNG', '', "YOUNG'S TRADING", '', '', '', 'Sales rep:', '5']
['430', 'CA119D', '', 'MORINAGA', '', '*BAG* COLA/ORNGE', '', '12', 'EACH', '', '7.60', 'per', 'CTNS', '0.000', '91.20']
['', '', '', '3.17 OZ X', '', '6 BAGS', '', '6.90', 'EACH', '', '', '', '', '0.000', '82.80']
['', '', '', '', '', '', '', '', '', '', '', '', '', '', '8.40', '9.2']
['440', 'CA119E', '', 'MORINAGA', '', '*BAGS* YOGURT', '', '10', 'CTNS', '', '7.60', 'per', 'CTNS', '0.000', '76.00']
['', '', '', '3.17 OZ X', '', '6 BAG', '', '6.90', 'CTNS', '', '', '', '', '0.000', '69.00']
['', '', '', '', '', '', '', '', '', '', '', '', '', '', '7.00', '9.2']
['450', 'PW534', '', 'NORA SINIGANG TAMARIND', '', '', '', '5', 'CTNS', '', '11.00', 'per', 'CTNS', '0.000', '55.00']
['', '', '', '24 X', '45 G W/CHILI S. MIX', '', '', '8.40', 'CTNS', '', '', '', '', '0.000', '42.00']
['', '', '', '', '', '', '', '', '', '', '', '', '', '', '13.00', '23.6']
['460', 'PW527B', '', 'NORA MONGGO/MUNG BEAN', '', '', '', '10', 'CTNS', '', '10.50', 'per', 'CTNS', '0.000', '105.00']
['', '', '', '75 G X', '12 CUP', '', 'SOUP MIX', '9.00', 'CTNS', '', '', '', '', '0.000', '90.00']
['', '', '', '', '', '', '', '', '', '', '', '', '', '', '15.00', '14.3']
['470', 'PW527D', '', 'NORA CORN COCONUT DESSERT', '', '', '', '10', 'CTNS', '', '10.50', 'per', 'CTNS', '0.000', '105.00']
['', '', '', '75g/12 CUP ginataang mais', '', '', '', '9.36', 'CTNS', '', '', '', '', '0.000', '93.60']
['', '', '', '', '', '', '', '', '', '', '', '', '', '', '11.40', '10.9']
['480', 'BR129', '', 'QUOC VIET SOUP HEO', '', '', '*S', '1', 'CTNS', '', '102.00', 'per', 'CTNS', '0.000', '102.00']
['', '', '', '10 OZ X', '24 JARS', '', '#23', '91.80', 'CTNS', '', '', '', '', '0.000', '91.80']
['', '', '', '', '', '', '', '', '', '', '', '', '', '', '10.20', '10.0']
['490', 'BR123', '', 'QUOC VIET BO HUE', '', '', '*S*', '1', 'CTNS', '', '102.00', 'per', 'CTNS', '0.000', '102.00']
['', '', '', '10 OZ X', '24 JARS', '', '#05', '91.80', 'CTNS', '', '', '', '', '0.000', '91.80']
['', '', '', '', '', '', '', '', '', '', '', '', '', '', '10.20', '10.0']
['', '', '', '', '', '', '', '', '', '', '', '', '', '', '3.75', '17.9']
['550', 'UT818', '', 'PALLET', '', '', '', '3', 'CTNS', '', '7.00', 'per CTNS', '', '0.000', '21.00']
['', '', '', '', '', '', '', '', '', '', '', '', '', '', '25.50', '9.8']
['530', 'RI130', '', 'KOKUHO RICE YELLOW', '', '', '15 LBS', '30', 'BAGS', '', '8.70', 'per BAGS', '', '0.000', '261.00']
['', '', '', '', '', '', '', '', '', '', '', '', '', '', '32.50', '8.5']
['510', 'PW239A', '', 'TOTOLE SEASONING', '', '', '', '5', 'CTNS', '', '76.50', 'per CTNS', '', '0.000', '382.50']
['Invoice', '#:', '769279', 'Invoice date:', '', '', '09/25/18', 'Customer: YOUNG', '', "YOUNG'S TRADING", '', '', '', 'Sales rep:', '5']
['520', 'PW208', '', 'INDIAN HOT CURRY POWDER', '', '', '', '1', 'CTNS', '', '88.00', 'per CTNS', '', '0.000', '88.00']
['', '', '', '1 LBS X', '24 CANS', '', '-MALAYSIA', '80.00', 'CTNS', '', '', '', '', '0.000', '80.00']
['', '', '', '', '', '', '', '', '', '', '', '', '', '', '8.00', '9.1']
['530', 'RI130', '', 'KOKUHO RICE YELLOW', '', '', '15 LBS', '30', 'BAGS', '', '8.70', 'per BAGS', '', '0.000', '261.00']
['', '', '', '15 LBS', '', '*EXTRA FANCY*', '', '7.85', 'BAGS', '', '', '', '', '0.000', '235.50']
['', '', '', '', '', '', '', '', '', '', '', '', '', '', '25.50', '9.8']
['540', 'DD103', '', 'KTT SPICY MIX', '', '', '', '2', 'CTNS', '', '30.00', 'per CTNS', '', '0.000', '60.00']
['', '', '', '2 OZ/50 BAG', '', '', '', '27.00', 'CTNS', '', '', '', '', '0.000', '54.00']
['', '', '', '', '', '', '', '', '', '', '', '', '', '', '6.00', '10.0']
['550', 'UT818', '', 'PALLET', '', '', '', '3', 'CTNS', '', '7.00', 'per CTNS', '', '0.000', '21.00']
['', '', '', 'EACH', '', '', '', '5.75', 'CTNS', '', '', '', '', '0.000', '17.25']
['', '', '', '', '', '', '', '', '', '', '', '', '', '', '3.75', '17.9']
['', '', '', '', '', '', '', '', '', '', '', '', 'Invoice totals:', '', '10477.42']
['', '', '', '', '', '', '', '', '', '', '', '', '', '', '9267.56']
['', '', '', '', '', '', '', '', '', '', '', '', '', '', '1209.86', '11.5']
['', '', '', '', '', '', '', '', '', '', '', '', '', '', '72.19', '26.2']
['110', 'FR034A', '', 'FR. MACKEREL-SABA', '', '', "44's", '5', 'CTNS', '', '55.01', 'per', 'CTNS', '0.000', '275.05']
['', '', '', '', '', '', '', '', '', '', '', '', '', '', '9.57', '17.1']
['70', 'FR163B', '', 'OF CA DOI LAM SACH', '', '', '', '1', 'CTNS', '', '56.00', 'per', 'CTNS', '0.000', '56.00']
['', '', '', '', '', '', '', '', '', '', '', '', '', '', '7.00', '8.2']
['50', 'FR241A', '', 'FR. WHT CLAM MEAT', '', '', '#A0014N', '1', 'CTNS', '', '85.00', 'per', 'CTNS', '0.000', '85.00']
['', '', '', '', '', '', '', '', '', '', '', '', '', '', '154.90-', '0.0']
['30', 'FD105C', '', 'FOCO ROAST. COCONUT JUICE', '', '', '', '10', 'CTNS', '', '0.00', 'per', 'CTNS', '0.000', '0.00']
['', '', '', '', '', '', '', '', '', '', '', '', '', '', '70.00-', '0.0']
['11', 'FD105A', '', 'FOCO COCONUT JUICE', '', '', '17.6oz', '5', 'CTNS', '', '0.00', 'per CTNS', '', '0.000', '0.00']
['Invoice', '#:', '769280', 'Invoice date:', '', '', '09/24/18', 'Customer: T011', '', 'DOUBLE DRAGON MARKET', '', '', '', 'Sales rep:', '7']
['40', 'FR101A', '', 'OMASUM TRIPE (LA SACH)', '', '', '', '10', 'CTNS', '', '50.00', 'per', 'CTNS', '0.000', '500.00']
['', '', '', '22 lbs', '', '', '*GP*', '39.60', 'CTNS', '', '', '', '', '0.000', '396.00']
['', '', '', '', '', '', '', '', '', '', '', '', '', '', '104.00', '20.8']
['50', 'FR241A', '', 'FR. WHT CLAM MEAT', '', '', '#A0014N', '1', 'CTNS', '', '85.00', 'per', 'CTNS', '0.000', '85.00']
['', '', '', '14OZ/30 BAG (THIT NGHIEU)', '', '', '', '78.00', 'CTNS', '', '', '', '', '0.000', '78.00']
['', '', '', '', '', '', '', '', '', '', '', '', '', '', '7.00', '8.2']
['60', 'FR600A', '', 'OF STEAMED MACKEREL', '', '', '2PCS', '1', 'CTNS', '', '84.00', 'per', 'CTNS', '0.000', '84.00']
['', '', '', '7 OZ X', '48', '*VN* CA HAP VI', '', '60.96', 'CTNS', '', '', '', '', '0.000', '60.96']
['', '', '', '', '', '', '', '', '', '', '', '', '', '', '23.04', '27.4']
['70', 'FR163B', '', 'OF CA DOI LAM SACH', '', '', '', '1', 'CTNS', '', '56.00', 'per', 'CTNS', '0.000', '56.00']
['', '', '', '14 OZ X', '', '30 BG MULLET FISH', '', '46.43', 'CTNS', '', '', '', '', '0.000', '46.43']
['', '', '', '', '', '', '', '', '', '', '', '', '', '', '9.57', '17.1']
['90', 'FR115B', '', 'OF TRE VANG WHOLE', '', '', '800 UP', '1', 'CTNS', '', '56.10', 'per', 'CTNS', '0.000', '56.10']
['', '', '', '33 LB BROADHEAD', '', '', '$1.70', '38.94', 'CTNS', '', '', '', '', '0.000', '38.94']
['', '', '', '', '', '', '', '', '', '', '', '', '', '', '17.16', '30.6']
['110', 'FR034A', '', 'FR. MACKEREL-SABA', '', '', "44's", '5', 'CTNS', '', '55.01', 'per', 'CTNS', '0.000', '275.05']
['', '', '', '44.01 LBS NORWAY', '', '', '400-600', '40.572', 'CTNS', '', '', '', '', '0.000', '202.86']
['', '', '', '', '', '', '', '', '', '', '', '', '', '', '72.19', '26.2']
['120', 'FR114A', '', 'FR. SQUID TUBE U/5', '', '', '*CH*', '10', 'CTNS', '', '20.00', 'per', 'CTNS', '0.000', '200.00']
['', '', '', '10 LB', '*MUC U/5*', '', '$2.00/lb.', '17.20', 'CTNS', '', '', '', '', '0.000', '172.00']
['', '', '', '', '', '', '', '', '', '', '', '', '', '', '28.00', '14.0']
['', '', '', '', '', '', '', '', '', '', '', '', '', '12.60', '9.7']
['250', 'TH200', '', 'TAYHO HAM', '', '$3.60', '', '1', 'CTNS', '129.60', 'per', 'CTNS', '0.000', '129.60']
['', '', '', '', '', '', '', '', '', '', '', '', '', '12.00', '9.1']
['230', 'HM152', '', 'CALIFORNIA.PORK SAUSAGE', '', '', '', '1', 'CTNS', '132.00', 'per', 'CTNS', '0.000', '132.00']
['', '', '', '', '', '', '', '', '', '', '', '', '', '10.00', '12.5']
['210', 'FR901', '', 'FR. THAI CORN BLACK', '', '', '', '2', 'CTNS', '40.00', 'per', 'CTNS', '0.000', '80.00']
['', '', '', '', '', '', '', '', '', '', '', '', '', '36.00', '9.1']
['190', 'FR351', '', 'BMK MEAT BALL W/TENDON', '', '', '', '6', 'CTNS', '66.00', 'per', 'CTNS', '0.000', '396.00']
['', '', '', '', '', '', '', '', '', '', '', '', '', '240.00', '23.5']
['150', 'FR827DD', '', 'SHRIMP HLSO', '', '31/35', '', '10', 'CTNS', '102.00', 'per CTNS', '', '0.000', '1020.00']
['Invoice', '#:', '769280', 'Invoice date:', '', '09/24/18', 'Customer: T011', '', 'DOUBLE DRAGON MARKET', '', '', '', 'Sales rep:', '7']
['200', 'FR706A', '', 'FR. CASSAVA WHOLE', '', '*VN*', '', '1', 'CTNS', '30.00', 'per', 'CTNS', '0.000', '30.00']
['', '', '', '16 OZ X', '30 BAG', '*LAL FARM*', '', '21.00', 'CTNS', '', '', '', '0.000', '21.00']
['', '', '', '', '', '', '', '', '', '', '', '', '', '9.00', '30.0']
['210', 'FR901', '', 'FR. THAI CORN BLACK', '', '', '', '2', 'CTNS', '40.00', 'per', 'CTNS', '0.000', '80.00']
['', '', '', '14 OZ X', '36 BAGS', '', '', '35.00', 'CTNS', '', '', '', '0.000', '70.00']
['', '', '', '', '', '', '', '', '', '', '', '', '', '10.00', '12.5']
['220', 'HM151', '', 'CALIFORNIA.CHICKEN SAUSAG', '', '', '', '1', 'CTNS', '132.00', 'per', 'CTNS', '0.000', '132.00']
['', '', '', '16 OZ X', '24 BAGS', '', '', '120.00', 'CTNS', '', '', '', '0.000', '120.00']
['', '', '', '', '', '', '', '', '', '', '', '', '', '12.00', '9.1']
['230', 'HM152', '', 'CALIFORNIA.PORK SAUSAGE', '', '', '', '1', 'CTNS', '132.00', 'per', 'CTNS', '0.000', '132.00']
['', '', '', '16 OZ X', '24 BAG', '', '', '120.00', 'CTNS', '', '', '', '0.000', '120.00']
['', '', '', '', '', '', '', '', '', '', '', '', '', '12.00', '9.1']
['240', 'TH117', '', 'TAYHO CHA LUA', '', '12LBS', '$2.70', '1', 'CTNS', '97.20', 'per', 'CTNS', '0.000', '97.20']
['', '', '', '12 LBS X', '3 CAY', '', '', '88.20', 'CTNS', '', '', '', '0.000', '88.20']
['', '', '', '', '', '', '', '', '', '', '', '', '', '9.00', '9.3']
['250', 'TH200', '', 'TAYHO HAM', '', '$3.60', '', '1', 'CTNS', '129.60', 'per', 'CTNS', '0.000', '129.60']
['', '', '', '12 LBS X', '3 CAY', '', '', '117.00', 'CTNS', '', '', '', '0.000', '117.00']
['', '', '', '', '', '', '', '', '', '', '', '', '', '12.60', '9.7']
['260', 'TH119', '', 'TAYHO GIO THU', '', '$3.50', '', '1', 'CTNS', '147.00', 'per', 'CTNS', '0.000', '147.00']
['', '', '', '14 LBS X', '3 CAY', '', '', '132.30', 'CTNS', '', '', '', '0.000', '132.30']
['', '', '', '', '', '', '', '', '', '', '', '', '', '14.70', '10.0']
['', '', '', '', '', '', '', '', '', '', '', '', '', '6.60', '8.8']
['360', 'TH100', '', 'TAYHO CHA LUA (PORK MEAT)', '', '', '', '1', 'CTNS', '75.00', 'per', 'CTNS', '0.000', '75.00']
['', '', '', '', '', '', '', '', '', '', '', '', '', '8.00', '9.4']
['340', 'FR287AA', '', 'PHU H BEEF BALL W/TENDON', '', '', '', '1', 'CTNS', '85.50', 'per', 'CTNS', '0.000', '85.50']
['', '', '', '', '', '', '', '', '', '', '', '', '', '7.10', '9.4']
['320', 'TH112', '', 'TAYHO CHA CHIEN', '', '', '', '1', 'CTNS', '75.50', 'per', 'CTNS', '0.000', '75.50']
['', '', '', '', '', '', '', '', '', '', '', '', '', '6.00', '9.1']
['300', 'FR282B', '', 'PHU H GIO SONG', '', '*PORK', '', '1', 'CTNS', '66.00', 'per', 'CTNS', '0.000', '66.00']
['', '', '', '', '', '', '', '', '', '', '', '', '', '113.20', '30.6']
['280', 'FR710B', '', 'FR. COOK UNPEEL CORN', '', '', '3 PC', '10', 'CTNS', '37.00', 'per CTNS', '', '0.000', '370.00']
['Invoice', '#:', '769280', 'Invoice date:', '', '09/24/18', 'Customer: T011', '', 'DOUBLE DRAGON MARKET', '', '', '', 'Sales rep:', '7']
['310', 'FR296', '', 'HUONG DUYEN CHA CHIEN', '', '', '', '1', 'CTNS', '100.00', 'per', 'CTNS', '0.000', '100.00']
['', '', '', '16 OZ X', '', '25 pork meat roll', '', '85.00', 'CTNS', '', '', '', '0.000', '85.00']
['', '', '', '', '', '', '', '', '', '', '', '', '', '15.00', '15.0']
['320', 'TH112', '', 'TAYHO CHA CHIEN', '', '', '', '1', 'CTNS', '75.50', 'per', 'CTNS', '0.000', '75.50']
['', '', '', '14 OZ X', '', '24 (pork patty)', '', '68.40', 'CTNS', '', '', '', '0.000', '68.40']
['', '', '', '', '', '', '', '', '', '', '', '', '', '7.10', '9.4']
['330', 'FR287', '', 'PHU H CINNAMON PORK PATTY', '', '', '', '1', 'CTNS', '93.00', 'per', 'CTNS', '0.000', '93.00']
['', '', '', '13 OZ X', '25 BAGS', 'CHA QUE', '', '83.75', 'CTNS', '', '', '', '0.000', '83.75']
['', '', '', '', '', '', '', '', '', '', '', '', '', '9.25', '9.9']
['340', 'FR287AA', '', 'PHU H BEEF BALL W/TENDON', '', '', '', '1', 'CTNS', '85.50', 'per', 'CTNS', '0.000', '85.50']
['', '', '', '12 OZ X', '', '25 (BO VIEN GAN)', '', '77.50', 'CTNS', '', '', '', '0.000', '77.50']
['', '', '', '', '', '', '', '', '', '', '', '', '', '8.00', '9.4']
['350', 'GR306', '', 'Q-HUONG PORK SKIN', '', '*7OZ*', '', '1', 'CTNS', '33.00', 'per', 'CTNS', '0.000', '33.00']
['', '', '', '7 OZ X', '30', '*BI TUOI*', '411', '30.00', 'CTNS', '', '', '', '0.000', '30.00']
['', '', '', '', '', '', '', '', '', '', '', '', '', '3.00', '9.1']
['360', 'TH100', '', 'TAYHO CHA LUA (PORK MEAT)', '', '', '', '1', 'CTNS', '75.00', 'per', 'CTNS', '0.000', '75.00']
['', '', '', '14 OZ X', '24 BAGS', '', '', '68.40', 'CTNS', '', '', '', '0.000', '68.40']
['', '', '', '', '', '', '', '', '', '', '', '', '', '6.60', '8.8']
['370', 'TH107A', '', 'TAYHO THIT DOI HEO (CURED', '', '', '', '1', 'CTNS', '82.50', 'per', 'CTNS', '0.000', '82.50']
['', '', '', '14 OZ X', '24', 'PORK SAUSAGE)', '', '74.40', 'CTNS', '', '', '', '0.000', '74.40']
['', '', '', '', '', '', '', '', '', '', '', '', '', '8.10', '9.8']
['', '', '', '', '', '', '', '', '', '', '', '', '240.00', '100.0']
['490', 'RS140', 'GUILIN RICE STICK', '', '', '*S*', '5', 'CTNS', '48.00', 'per', 'CTNS', '0.000', '240.00']
['', '', '', '', '', '', '', '', '', '', '', '', '6.00', '11.5']
['450', 'KS214', 'SK CA RI NI', '', '16oz (CHAI)', '', '1', 'CTNS', '52.00', 'per', 'CTNS', '0.000', '52.00']
['', '', '', '', '', '', '', '', '', '', '', '', '10.50', '9.1']
['430', 'HM141', 'KYJ CHICKEN SAUSAGE', '', '', '', '1', 'CTNS', '116.00', 'per', 'CTNS', '0.000', '116.00']
['', '', '', '', '', '', '', '', '', '', '', '', '33.60', '36.5']
['410', 'FR712', 'FR. YOUNG SHRED COCONUT', '', '', '', '2', 'CTNS', '46.00', 'per', 'CTNS', '0.000', '92.00']
['', '', '', '', '', '', '', '', '', '', '', '', '6.00', '17.4']
['390', 'FR161', 'WESTBAY IMITATION CRAB', '', '', '', '1', 'CTNS', '34.50', 'per CTNS', '', '0.000', '34.50']
['Invoice', '#:', '769280', 'Invoice date:', '09/24/18', 'Customer: T011', 'DOUBLE DRAGON MARKET', '', 'Sales rep:', '7']
['420', 'FR708', 'FR. VN GRATED COCONUT', '', '', '', '1', 'CTNS', '50.00', 'per', 'CTNS', '0.000', '50.00']
['', '', '16 OZ X', '30', 'DUA BAO', '*LAL*', '34.80', 'CTNS', '', '', '', '0.000', '34.80']
['', '', '', '', '', '', '', '', '', '', '', '', '15.20', '30.4']
['430', 'HM141', 'KYJ CHICKEN SAUSAGE', '', '', '', '1', 'CTNS', '116.00', 'per', 'CTNS', '0.000', '116.00']
['', '', '14 OZ. X', '32 BAGS', '', '04/14/19', '105.50', 'CTNS', '', '', '', '0.000', '105.50']
['', '', '', '', '', '', '', '', '', '', '', '', '10.50', '9.1']
['440', 'CV133', 'FU CHUNG BEAN SOY SAUCE', '', '', '', '2', 'CTNS', '31.50', 'per', 'CTNS', '0.000', '63.00']
['', '', '8.8 OZ/36 JAR', '', 'RED', '[H18]', '28.50', 'CTNS', '', '', '', '0.000', '57.00']
['', '', '', '', '', '', '', '', '', '', '', '', '6.00', '9.5']
['450', 'KS214', 'SK CA RI NI', '', '16oz (CHAI)', '', '1', 'CTNS', '52.00', 'per', 'CTNS', '0.000', '52.00']
['', '', '16z/12 BT curry pwd', '', '', '[G7b]', '46.00', 'CTNS', '', '', '', '0.000', '46.00']
['', '', '', '', '', '', '', '', '', '', '', '', '6.00', '11.5']
['460', 'CD141', 'CHIN-C GRASS JELLY DRINK', '', '', '', '10', 'CTNS', '10.70', 'per', 'CTNS', '0.000', '107.00']
['', '', '11OZ/24 CAN HONEY E5 CRV1', '', '', '', '9.70', 'CTNS', '', '', '', '0.000', '97.00']
['', '', '', '', '', '', '', '', '', '', '', '', '10.00', '9.3']
['490', 'RS140', 'GUILIN RICE STICK', '', '', '*S*', '5', 'CTNS', '48.00', 'per', 'CTNS', '0.000', '240.00']
['', '', '14 OZ X', '60 BAGS', '', '[I36]', '0.00', 'CTNS', '', '', '', '0.000', '0.00']
['', '', '', '', '', '', '', '', '', '', '', '', '240.00', '100.0']
['500', 'BN104', 'WOR FUNG SOY BEAN', '', '', '', '1', 'CTNS', '25.50', 'per', 'CTNS', '0.000', '25.50']
['', '', '12 OZ X', '50 BAGS', '', '[H9]', '23.00', 'CTNS', '', '', '', '0.000', '23.00']
['', '', '', '', '', '', '', '', '', '', '', '', '2.50', '9.8']
['', '', '', '', '', '', '', '', '', '', '', '7.60', '33.0']
['630', 'BR102', 'LAL BEEF BROTH', '', '[A8]', '1', 'CTNS', '23.00', 'per', 'CTNS', '0.000', '23.00']
['', '', '', '', '', '', '', '', '', '', '', '7.00', '13.5']
['600', 'TA126', 'WUFU TAPIOCA PEARL', '', '*BLACK', '1', 'CTNS', '52.00', 'per', 'CTNS', '0.000', '52.00']
['', '', '', '', '', '', '', '', '', '', '', '12.00', '20.0']
['560', 'BM102', 'B.WHEAT NOODLE (LONG)', '', '', '2', 'CTNS', '30.00', 'per', 'CTNS', '0.000', '60.00']
['', '', '', '', '', '', '', '', '', '', '', '13.20', '12.6']
['540', 'PW190', 'NOH CH. BBQ/CHAR SIU', '', '', '5', 'CTNS', '21.00', 'per', 'CTNS', '0.000', '105.00']
['', '', '', '', '', '', '', '', '', '', '', '13.00', '9.2']
['520', 'FD120', 'MR BROWN COFFEE', '', '[D27]', '10', 'CTNS', '14.10', 'per CTNS', '', '0.000', '141.00']
['Invoice', '#:', '769280', 'Invoice date:', '09/24/18', 'Customer: T011', 'DOUBLE DRAGON MARKET', '', 'Sales rep:', '7']
['550', 'NO141', 'FRESH CHOW MEIN NOODLES', '', '', '3', 'CTNS', '30.00', 'per', 'CTNS', '0.000', '90.00']
['', '', '16.71 OZ X', '12 BAG', '', '27.00', 'CTNS', '', '', '', '0.000', '81.00']
['', '', '', '', '', '', '', '', '', '', '', '9.00', '10.0']
['560', 'BM102', 'B.WHEAT NOODLE (LONG)', '', '', '2', 'CTNS', '30.00', 'per', 'CTNS', '0.000', '60.00']
['', '', '11.28 OZ X', '36 peacock', '', '24.00', 'CTNS', '', '', '', '0.000', '48.00']
['', '', '', '', '', '', '', '', '', '', '', '12.00', '20.0']
['590', 'TA125', 'E FAT TAPIOCA PEARL*COLOR', '', '', '1', 'CTNS', '52.00', 'per', 'CTNS', '0.000', '52.00']
['', '', '2.2 LBS X', '18 BG', '*2607527*', '47.00', 'CTNS', '', '', '', '0.000', '47.00']
['', '', '', '', '', '', '', '', '', '', '', '5.00', '9.6']
['600', 'TA126', 'WUFU TAPIOCA PEARL', '', '*BLACK', '1', 'CTNS', '52.00', 'per', 'CTNS', '0.000', '52.00']
['', '', '6.6 LBS X', '6 BG', '*2607529*', '45.00', 'CTNS', '', '', '', '0.000', '45.00']
['', '', '', '', '', '', '', '', '', '', '', '7.00', '13.5']
['610', 'PA208', 'POR KWAN PAD THAI SAUCE', '', '', '2', 'CTNS', '32.00', 'per', 'CTNS', '0.000', '64.00']
['', '', '31.3 OZ X', '12 BOTTLE', '', '23.00', 'CTNS', '', '', '', '0.000', '46.00']
['', '', '', '', '', '', '', '', '', '', '', '18.00', '28.1']
['630', 'BR102', 'LAL BEEF BROTH', '', '[A8]', '1', 'CTNS', '23.00', 'per', 'CTNS', '0.000', '23.00']
['', '', '28 OZ X', '24 CAN SOUP BO', '', '15.40', 'CTNS', '', '', '', '0.000', '15.40']
['', '', '', '', '', '', '', '', '', '', '', '7.60', '33.0']
['640', 'BR107', 'LAL SPICY PRAWN SOUP', '', '', '1', 'CASE', '26.00', 'per', 'CASE', '0.000', '26.00']
['', '', '28z/24C BUN RIEU TOM', '', '[A13', '19.53', 'CASE', '', '', '', '0.000', '19.53']
['', '', '', '', '', '', '', '', '', '', '', '6.47', '24.9']
['', '', '', '', '', '', '', '', '', '', '', '', '1.75', '10.0']
['820', 'CH131', 'M.POLO SHRIMP CHIP ONION', '', '', '', '1', 'EACH', '17.50', 'per', 'CTNS', '0.000', '17.50']
['', '', '', '', '', '', '', '', '', '', '', '', '4.50', '15.3']
['800', 'CA132', 'CHACHA SUNFLOWER-SPICY', '', '', '', '1', 'CTNS', '29.50', 'per', 'CTNS', '0.000', '29.50']
['', '', '', '', '', '', '', '', '', '', '', '', '27.25-', '0.0']
['760', 'VE106', 'LUNGKOW BEAN THREAD', '', '', '17.6z', '1', 'CTNS', '0.00', 'per', 'CTNS', '0.000', '0.00']
['', '', '', '', '', '', '', '', '', '', '', '', '5.60', '31.1']
['700', 'BR101A', 'LAL CHICKEN BROTH', '', '*L*', '', '1', 'CTNS', '18.00', 'per', 'CTNS', '0.000', '18.00']
['', '', '', '', '', '', '', '', '', '', '', '', '8.60', '35.8']
['660', 'BR102A', 'LAL BEEF BROTH', '', '*PHO BAC*', '', '1', 'CTNS', '24.00', 'per CTNS', '', '0.000', '24.00']
['Invoice', '#:', '769280', 'Invoice date:', '09/24/18', 'Customer: T011', 'DOUBLE DRAGON MARKET', '', 'Sales rep:', '7']
['750', 'VE106', 'LUNGKOW BEAN THREAD', '', '', '17.6z', '10', 'CTNS', '42.00', 'per', 'CTNS', '0.000', '420.00']
['', '', '17.6 OZ X', '50', '*LAL*', '10+1', '27.25', 'CTNS', '', '', '', '0.000', '272.50']
['', '', '', '', '', '', '', '', '', '', '', '', '147.50', '35.1']
['760', 'VE106', 'LUNGKOW BEAN THREAD', '', '', '17.6z', '1', 'CTNS', '0.00', 'per', 'CTNS', '0.000', '0.00']
['', '', '17.6 OZ X', '50', '*LAL*', '10+1', '27.25', 'CTNS', '', '', '', '0.000', '27.25']
['', '', '', '', '', '', '', '', '', '', '', '', '27.25-', '0.0']
['770', 'PA190', 'MAE PLOY PANANG CURRY', '', '', '2lb', '1', 'CTNS', '44.00', 'per', 'CTNS', '0.000', '44.00']
['', '', '2 LBS X', '12 PASTE', '', '[H3]', '37.50', 'CTNS', '', '', '', '0.000', '37.50']
['', '', '', '', '', '', '', '', '', '', '', '', '6.50', '14.8']
['800', 'CA132', 'CHACHA SUNFLOWER-SPICY', '', '', '', '1', 'CTNS', '29.50', 'per', 'CTNS', '0.000', '29.50']
['', '', '250 GR X', '18 BG SEEDS H33b', '', '', '25.00', 'CTNS', '', '', '', '0.000', '25.00']
['', '', '', '', '', '', '', '', '', '', '', '', '4.50', '15.3']
['810', 'CH130', 'M.POLO SHRIMP CHIP ORIGIN', '', '', '', '1', 'CTNS', '17.50', 'per', 'CTNS', '0.000', '17.50']
['', '', '2.5 OZ X', '24 BAGS', '', '', '15.75', 'CTNS', '', '', '', '0.000', '15.75']
['', '', '', '', '', '', '', '', '', '', '', '', '1.75', '10.0']
['820', 'CH131', 'M.POLO SHRIMP CHIP ONION', '', '', '', '1', 'EACH', '17.50', 'per', 'CTNS', '0.000', '17.50']
['', '', '2.5 OZ X', '24 BAGS & GARLIC', '', '', '15.75', 'EACH', '', '', '', '0.000', '15.75']
['', '', '', '', '', '', '', '', '', '', '', '', '1.75', '10.0']
['830', 'CH132', 'M.POLO SHRIMP CHIP BBQ', '', '', '', '1', 'CTNS', '17.50', 'per', 'CTNS', '0.000', '17.50']
['', '', '2.5 OZ X', '24 BAGS', '', '', '15.75', 'CTNS', '', '', '', '0.000', '15.75']
['', '', '', '', '', '', '', '', '', '', '', '', '1.75', '10.0']
['', '', '', '', '', '', '', '', '', '', '', '', '8.75', '8.8']
['960', 'CO113', 'BIN BIN RICE CRACKER', '', '', '', '5', 'CTNS', '20.00', 'per', 'CTNS', '0.000', '100.00']
['', '', '', '', '', '', '', '', '', '', '', '', '2.50', '10.6']
['930', 'CO112', 'ANGEL WAFERS', '', '', '', '1', 'CTNS', '23.50', 'per', 'CTNS', '0.000', '23.50']
['', '', '', '', '', '', '', '', '', '', '', '', '2.50', '9.4']
['890', 'CO255E', 'GARDEN VANILA WAFER .', '', '', '', '1', 'CTNS', '26.50', 'per', 'CTNS', '0.000', '26.50']
['', '', '', '', '', '', '', '', '', '', '', '', '2.50', '9.4']
['870', 'CO255I', 'GARDEN CAPPUCCINO WAFER', '', '', '', '1', 'CTNS', '26.50', 'per', 'CTNS', '0.000', '26.50']
['', '', '', '', '', '', '', '', '', '', '', '', '1.75', '10.0']
['850', 'CH134', 'M.POLO SHRIMP CHIP CHEESE', '', '', '', '1', 'CTNS', '17.50', 'per CTNS', '', '0.000', '17.50']
['Invoice', '#:', '769280', 'Invoice date:', '09/24/18', 'Customer: T011', 'DOUBLE DRAGON MARKET', '', 'Sales rep:', '7']
['880', 'CO255B', 'GARDEN STRAWBERY WAFER', '', '', '', '1', 'CTNS', '26.50', 'per', 'CTNS', '0.000', '26.50']
['', '', '7 OZ X', '24 BAGS', '', '[G36b]', '24.00', 'CTNS', '', '', '', '0.000', '24.00']
['', '', '', '', '', '', '', '', '', '', '', '', '2.50', '9.4']
['890', 'CO255E', 'GARDEN VANILA WAFER .', '', '', '', '1', 'CTNS', '26.50', 'per', 'CTNS', '0.000', '26.50']
['', '', '7 OZ X', '24 BAGS', '', '[G35b]', '24.00', 'CTNS', '', '', '', '0.000', '24.00']
['', '', '', '', '', '', '', '', '', '', '', '', '2.50', '9.4']
['900', 'CO230', 'BANH LU PETIT BEURRE', '', '', '200G', '2', 'CTNS', '52.00', 'per', 'CTNS', '0.000', '104.00']
['', '', '200g X', '20', '*FRANCE*', "(20'S)", '45.00', 'CTNS', '', '', '', '0.000', '90.00']
['', '', '', '', '', '', '', '', '', '', '', '', '14.00', '13.5']
['930', 'CO112', 'ANGEL WAFERS', '', '', '', '1', 'CTNS', '23.50', 'per', 'CTNS', '0.000', '23.50']
['', '', '3.7 OZ. X', '', '24 BOXES', '', '21.00', 'CTNS', '', '', '', '0.000', '21.00']
['', '', '', '', '', '', '', '', '', '', '', '', '2.50', '10.6']
['950', 'CO114A', 'BUTTER COCONUT BISCUIT', '', '', '', '5', 'CTNS', '21.00', 'per', 'CTNS', '0.000', '105.00']
['', '', '7 OZ X', '24 BAGS PARROT B.', '', '', '19.00', 'CTNS', '', '', '', '0.000', '95.00']
['', '', '', '', '', '', '', '', '', '', '', '', '10.00', '9.5']
['960', 'CO113', 'BIN BIN RICE CRACKER', '', '', '', '5', 'CTNS', '20.00', 'per', 'CTNS', '0.000', '100.00']
['', '', '3.73 OZ X', '30 BAGS', '', '[I50]', '18.25', 'CTNS', '', '', '', '0.000', '91.25']
['', '', '', '', '', '', '', '', '', '', '', '', '8.75', '8.8']
['970', 'CA100', 'KITKAT GREEN TEA mini', '', '', '', '2', 'CTNS', '81.00', 'per', 'CTNS', '0.000', '162.00']
['', '', '4.7 OZ', '(2 X', '12)', '#16995', '72.00', 'CTNS', '', '', '', '0.000', '144.00']
['', '', '', '', '', '', '', '', '', '', '', '', '18.00', '11.1']
['', '', '', '', '', '', '', '', '', '', '', '', '6.00', '10.5']
['70', 'CI110', '', 'HUY FONG CHILI GARLIC', '', '*M*', '3', 'CTNS', '19.00', 'per', 'CTNS', '0.000', '57.00']
['', '', '', '', '', '', '', '', '', '', '', '', '4.00', '11.1']
['50', 'FP149A', '', 'ANH HONG MAM NEM PHA SAN', '', '', '1', 'CTNS', '36.00', 'per', 'CTNS', '0.000', '36.00']
['', '', '', '', '', '', '', '', '', '', '', '', '3.00', '11.1']
['30', 'SA190', '', 'ORCHIDS OYSTER MUSHROOM', '', '', '1', 'CTNS', '27.00', 'per', 'CTNS', '0.000', '27.00']
['', '', '', '', '', '', '', '', '', '', '', '', '2.60', '9.0']
['10', 'PW501', '', 'GC ALMOND FLA GELATIN', '', '', '1', 'CTNS', '29.00', 'per', 'CTNS', '0.000', '29.00']
['', '', '', '', '', '', '', '', '', '', '', '', '3.00', '11.1']
['990', 'PW502', '', 'GC MANGO PUDDING MIX', '', '', '1', 'CTNS', '27.00', 'per CTNS', '', '0.000', '27.00']
['Invoice', '#:', '769280', 'Invoice date:', '', '09/24/18', 'Customer: T011', 'DOUBLE DRAGON MARKET', '', '', '', 'Sales rep:', '7']
['20', 'PW507', '', 'GC RED BEAN JELLY MIX', '', '', '1', 'CTNS', '29.00', 'per', 'CTNS', '0.000', '29.00']
['', '', '', '6.3 OZ X', '24 BOX', '', '26.40', 'CTNS', '', '', '', '0.000', '26.40']
['', '', '', '', '', '', '', '', '', '', '', '', '2.60', '9.0']
['30', 'SA190', '', 'ORCHIDS OYSTER MUSHROOM', '', '', '1', 'CTNS', '27.00', 'per', 'CTNS', '0.000', '27.00']
['', '', '', '15z/12 BT SAUCE', '', '[H26]', '24.00', 'CTNS', '', '', '', '0.000', '24.00']
['', '', '', '', '', '', '', '', '', '', '', '', '3.00', '11.1']
['40', 'SA131', '', 'LKK VEGE-STIR FRY', '', '18oz', '1', 'CTNS', '30.00', 'per', 'CTNS', '0.000', '30.00']
['', '', '', '18 OZ X', '12 BT', '*100853', '27.15', 'CTNS', '', '', '', '0.000', '27.15']
['', '', '', '', '', '', '', '', '', '', '', '', '2.85', '9.5']
['50', 'FP149A', '', 'ANH HONG MAM NEM PHA SAN', '', '', '1', 'CTNS', '36.00', 'per', 'CTNS', '0.000', '36.00']
['', '', '', '12.5 OZ X', '12 BT', '', '32.00', 'CTNS', '', '', '', '0.000', '32.00']
['', '', '', '', '', '', '', '', '', '', '', '', '4.00', '11.1']
['60', 'FP146', '', 'PAGOLAC MAM NEM PHA SAN', '', '', '1', 'CTNS', '36.00', 'per', 'CTNS', '0.000', '36.00']
['', '', '', '12.5 OZ X', '12 BT', '', '32.00', 'CTNS', '', '', '', '0.000', '32.00']
['', '', '', '', '', '', '', '', '', '', '', '', '4.00', '11.1']
['70', 'CI110', '', 'HUY FONG CHILI GARLIC', '', '*M*', '3', 'CTNS', '19.00', 'per', 'CTNS', '0.000', '57.00']
['', '', '', '18 OZ X', '12 BT SAUCE', '[C7]', '17.00', 'CTNS', '', '', '', '0.000', '51.00']
['', '', '', '', '', '', '', '', '', '', '', '', '6.00', '10.5']
['80', 'SA100', '', 'LKK OYSTER SAUCE', '', '18 OZ', '2', 'CTNS', '35.00', 'per', 'CTNS', '0.000', '70.00']
['', '', '', '18 OZ X', '24 BT', '*300024', '30.50', 'CTNS', '', '', '', '0.000', '61.00']
['', '', '', '', '', '', '', '', '', '', '', '', '9.00', '12.9']
['', '', '', '', '', '', '', '', '', '', '', '', '13.04', '43.5']
['190', 'PW229', '', 'KNORR GV CANH CHUA', '', '', '1', 'CTNS', '30.00', 'per', 'CTNS', '0.000', '30.00']
['', '', '', '', '', '', '', '', '', '', '', '', '4.00', '10.5']
['170', 'CF230', '', 'LAL PALM SEED', '', '*ATTAP*', '1', 'CTNS', '38.00', 'per', 'CTNS', '0.000', '38.00']
['', '', '', '', '', '', '', '', '', '', '', '', '8.00', '22.9']
['150', 'CF222', '', 'AROY-D LONGAN IN SYRUP', '', '', '1', 'CTNS', '35.00', 'per', 'CTNS', '0.000', '35.00']
['', '', '', '', '', '', '', '', '', '', '', '', '24.40', '32.5']
['130', 'TE002', '', 'HOA SEN TRA MOC CAU BICH', '', '', '1', 'CTNS', '75.00', 'per', 'CTNS', '0.000', '75.00']
['', '', '', '', '', '', '', '', '', '', '', '', '10.91', '29.5']
['110', 'PW152', '', 'BAO LONG PHO GA (CHICKEN)', '', '', '1', 'CTNS', '37.00', 'per CTNS', '', '0.000', '37.00']
['Invoice', '#:', '769280', 'Invoice date:', '', '09/24/18', 'Customer: T011', 'DOUBLE DRAGON MARKET', '', '', '', 'Sales rep:', '7']
['140', 'CF320', '', 'LAL JACKFRUIT SYRUP', '', '', '1', 'CTNS', '29.00', 'per', 'CTNS', '0.000', '29.00']
['', '', '', '20 OZ X', '24 CANS', '', '22.00', 'CTNS', '', '', '', '0.000', '22.00']
['', '', '', '', '', '', '', '', '', '', '', '', '7.00', '24.1']
['150', 'CF222', '', 'AROY-D LONGAN IN SYRUP', '', '', '1', 'CTNS', '35.00', 'per', 'CTNS', '0.000', '35.00']
['', '', '', '20 OZ. X', '24 CANS', '', '27.00', 'CTNS', '', '', '', '0.000', '27.00']
['', '', '', '', '', '', '', '', '', '', '', '', '8.00', '22.9']
['160', 'CF226', '', 'LAL TODDY PALM', '', '*WHOLE*', '1', 'CTNS', '38.00', 'per', 'CTNS', '0.000', '38.00']
['', '', '', '20 OZ X', '24 CANS', '[B17]', '30.50', 'CTNS', '', '', '', '0.000', '30.50']
['', '', '', '', '', '', '', '', '', '', '', '', '7.50', '19.7']
['170', 'CF230', '', 'LAL PALM SEED', '', '*ATTAP*', '1', 'CTNS', '38.00', 'per', 'CTNS', '0.000', '38.00']
['', '', '', '20 OZ X', '24 CANS', '[B14]', '34.00', 'CTNS', '', '', '', '0.000', '34.00']
['', '', '', '', '', '', '', '', '', '', '', '', '4.00', '10.5']
['180', 'KS204', '', 'SK LA THOM', '', 'whole bay', '1', 'CTNS', '32.00', 'per', 'CTNS', '0.000', '32.00']
['', '', '', '.5 OZ X', '50 BAG', 'leave', '28.75', 'CTNS', '', '', '', '0.000', '28.75']
['', '', '', '', '', '', '', '', '', '', '', '', '3.25', '10.2']
['190', 'PW229', '', 'KNORR GV CANH CHUA', '', '', '1', 'CTNS', '30.00', 'per', 'CTNS', '0.000', '30.00']
['', '', '', '28 G X', '60 BAGS', '', '16.96', 'CTNS', '', '', '', '0.000', '16.96']
['', '', '', '', '', '', '', '', '', '', '', '', '13.04', '43.5']
['200', 'PW227', '', 'KNORR GV THIT KHO', '', '', '1', 'CTNS', '30.00', 'per', 'CTNS', '0.000', '30.00']
['', '', '', '28 G X', '60 BAGS', '', '14.92', 'CTNS', '', '', '', '0.000', '14.92']
['', '', '', '', '', '', '', '', '', '', '', '', '15.08', '50.3']
['', '', '', '', '', '', '', '', '', '', '', '', '', '6.00', '11.8']
['300', 'NO147A', '', 'GOOD PORK VERMICELI PINK', '', '', '', '2', 'CTNS', '25.50', 'per', 'CTNS', '0.000', '51.00']
['', '', '', '', '', '', '', '', '', '', '', '', '', '5.00', '10.4']
['280', 'TE138', '', '3 LADY. DIETER TEA', '', '12TBAG', '', '1', 'CTNS', '48.00', 'per', 'CTNS', '0.000', '48.00']
['', '', '', '', '', '', '', '', '', '', '', '', '', '20.00', '9.3']
['260', 'HL104', '', 'OX & PALM CORNED BEEF', '', '', '*L*', '2', 'CTNS', '108.00', 'per', 'CTNS', '0.000', '216.00']
['', '', '', '', '', '', '', '', '', '', '', '', '', '10.00', '8.7']
['240', 'COF105', '', 'G.CHOICE GINSENG COFFEE', '', '', '', '1', 'CTNS', '115.00', 'per', 'CTNS', '0.000', '115.00']
['', '', '', '', '', '', '', '', '', '', '', '', '', '24.00', '100.0']
['220', 'NO114A', '', 'SA GIANG BUN GAO SA DEC', '', '', '', '1', 'CTNS', '24.00', 'per CTNS', '', '0.000', '24.00']
['Invoice', '#:', '769280', 'Invoice date:', '', '09/24/18', 'Customer: T011', '', 'DOUBLE DRAGON MARKET', '', '', '', 'Sales rep:', '7']
['250', 'MI110', '', 'PARROT BRAND COND. MILK', '', '', '', '10', 'CTNS', '34.50', 'per', 'CTNS', '0.000', '345.00']
['', '', '', '14 OZ X', '24 CANS', '[C26]', '', '31.00', 'CTNS', '', '', '', '0.000', '310.00']
['', '', '', '', '', '', '', '', '', '', '', '', '', '35.00', '10.1']
['260', 'HL104', '', 'OX & PALM CORNED BEEF', '', '', '*L*', '2', 'CTNS', '108.00', 'per', 'CTNS', '0.000', '216.00']
['', '', '', '15 OZ X', '24', 'CHUNKY', '', '98.00', 'CTNS', '', '', '', '0.000', '196.00']
['', '', '', '', '', '', '', '', '', '', '', '', '', '20.00', '9.3']
['270', 'TE152', '', 'CHINA SLIM TEA', '', '*LADY SIT*', '', '1', 'CTNS', '48.00', 'per', 'CTNS', '0.000', '48.00']
['', '', '', '36 TBAGS X', '', '24 BOXES', '', '42.30', 'CTNS', '', '', '', '0.000', '42.30']
['', '', '', '', '', '', '', '', '', '', '', '', '', '5.70', '11.9']
['280', 'TE138', '', '3 LADY. DIETER TEA', '', '12TBAG', '', '1', 'CTNS', '48.00', 'per', 'CTNS', '0.000', '48.00']
['', '', '', '12 TBAGS X', '', '36 BOX', '', '43.00', 'CTNS', '', '', '', '0.000', '43.00']
['', '', '', '', '', '', '', '', '', '', '', '', '', '5.00', '10.4']
['290', 'COF112', '', "FR. LEE'S COFFEE ORIGINAL", '', '', '', '1', 'CTNS', '75.00', 'per', 'CTNS', '0.000', '75.00']
['', '', '', '16 OZ X', '24 BTL', '', '', '63.00', 'CTNS', '', '', '', '0.000', '63.00']
['', '', '', '', '', '', '', '', '', '', '', '', '', '12.00', '16.0']
['300', 'NO147A', '', 'GOOD PORK VERMICELI PINK', '', '', '', '2', 'CTNS', '25.50', 'per', 'CTNS', '0.000', '51.00']
['', '', '', '48 BAGS X', '', '60 G (THIT BAM)', '', '22.50', 'CTNS', '', '', '', '0.000', '45.00']
['', '', '', '', '', '', '', '', '', '', '', '', '', '6.00', '11.8']
['310', 'NO148A', '', 'GOOD SPARERIBS VERMICELLI', '', '', '', '2', 'CTNS', '25.50', 'per', 'CTNS', '0.000', '51.00']
['', '', '', '48 BAGS X', '60 G', 'GREEN', '', '22.50', 'CTNS', '', '', '', '0.000', '45.00']
['', '', '', '', '', '', '', '', '', '', '', '', '', '6.00', '11.8']
['', '', '', '', '', '', '', '', '', '', '', '', '', '12.25', '23.3']
['410', 'UT818', '', 'PALLET', '', '', '', '7', 'CTNS', '7.50', 'per', 'CTNS', '0.000', '52.50']
['', '', '', '', '', '', '', '', '', '', '', '', '', '51.00', '68.9']
['390', 'UT818', '', '512 SP & MK BOWL', '', '+ COVER', '', '4', 'CTNS', '18.50', 'per', 'CTNS', '0.000', '74.00']
['', '', '', '', '', '', '', '', '', '', '', '', '', '167.50', '74.4']
['370', 'UT818', '', '5017 RL, MG, MK, RPP, SP', '', '', '', '10', 'CTNS', '22.50', 'per', 'CTNS', '0.000', '225.00']
['', '', '', '', '', '', '', '', '', '', '', '', '', '71.25', '71.3']
['350', 'UT818', '', '2028 RL, MG, MK, RPP, SP', '', '', '', '5', 'CTNS', '20.00', 'per', 'CTNS', '0.000', '100.00']
['', '', '', '', '', '', '', '', '', '', '', '', '', '6.00', '11.8']
['330', 'NO148C', '', 'GOOD CHICKEN VERMICELLI', '', '', '', '2', 'CTNS', '25.50', 'per CTNS', '', '0.000', '51.00']
['Invoice', '#:', '769280', 'Invoice date:', '', '09/24/18', 'Customer: T011', '', 'DOUBLE DRAGON MARKET', '', '', '', 'Sales rep:', '7']
['', '', '', '', '', '', '', '', '', '', '', '', '', '71.25', '71.3']
['360', 'UT818', '', '5016 RL, MG, MK, RPP, SP', '', '', '', '10', 'CTNS', '17.25', 'per', 'CTNS', '0.000', '172.50']
['', '', '', '12 PCS', '', 'BOWL', '', '5.75', 'CTNS', '', '', '', '0.000', '57.50']
['', '', '', '', '', '', '', '', '', '', '', '', '', '115.00', '66.7']
['370', 'UT818', '', '5017 RL, MG, MK, RPP, SP', '', '', '', '10', 'CTNS', '22.50', 'per', 'CTNS', '0.000', '225.00']
['', '', '', '12 PCS', '', 'BOWL', '', '5.75', 'CTNS', '', '', '', '0.000', '57.50']
['', '', '', '', '', '', '', '', '', '', '', '', '', '167.50', '74.4']
['380', 'UT818', '', '5018 RL, MG, MK, RPP, SP', '', '', '', '10', 'CTNS', '29.00', 'per', 'CTNS', '0.000', '290.00']
['', '', '', '12 PCS', '', 'BOWL', '', '5.75', 'CTNS', '', '', '', '0.000', '57.50']
['', '', '', '', '', '', '', '', '', '', '', '', '', '232.50', '80.2']
['390', 'UT818', '', '512 SP & MK BOWL', '', '+ COVER', '', '4', 'CTNS', '18.50', 'per', 'CTNS', '0.000', '74.00']
['', '', '', '3 PCS', '', '', '', '5.75', 'CTNS', '', '', '', '0.000', '23.00']
['', '', '', '', '', '', '', '', '', '', '', '', '', '51.00', '68.9']
['400', 'UT818', '', '513 SPP & MK SOUP BOWL', '', '', '', '4', 'CTNS', '24.50', 'per', 'CTNS', '0.000', '98.00']
['', '', '', '3 PCS', '', 'COVER', '', '5.75', 'CTNS', '', '', '', '0.000', '23.00']
['', '', '', '', '', '', '', '', '', '', '', '', '', '75.00', '76.5']
['410', 'UT818', '', 'PALLET', '', '', '', '7', 'CTNS', '7.50', 'per', 'CTNS', '0.000', '52.50']
['', '', '', 'EACH', '', '', '', '5.75', 'CTNS', '', '', '', '0.000', '40.25']
['', '', '', '', '', '', '', '', '', '', '', '', '', '12.25', '23.3']
['Invoice', '#:', '769280', 'Invoice date:', '', '09/24/18', 'Customer: T011', '', 'DOUBLE DRAGON MARKET', '', '', '', 'Sales rep:', '7']
['Seq# Item/Svc', '', '#', 'Description-1', '', '', 'Qty-shipped', '', '', 'Unit price', '', '', 'Lin-disc%', 'Ext-price']
['', '', '', 'Description-2', '', '', 'Unit cost', '', '', '', '', '', 'Ord-disc%', 'Ext-cost']
['', '', '', '', '', '', '', '', '', '', '', '', '', 'Gross-margin', 'Margin-%']
['', '', '', '', '', '', '', '', '', '', '', 'Invoice totals:', '', '15826.48']
['', '', '', '', '', '', '', '', '', '', '', '', '', '12299.29']
['', '', '', '', '', '', '', '', '', '', '', '', '', '3527.19', '22.3']
['120', '', 'MOC: WILD CAUGHT', '', '', 'ORIGIN: NORWAY']
['', '', '', '', '', '', '', '', '', '', '36.40', '36.4']
['105', 'FR234', 'OF LIZARD FISH CLEAN IQF', '', '', '2', 'CTNS', '50.00', 'per CTNS', '0.000', '100.00']
['', '', '', '', '', '', '', '', '', '', '35.64', '24.8']
['90', 'FR123', 'OF BONITA', '*CA NGU*', '', '3', 'EACH', '47.85', 'per CTNS', '0.000', '143.55']
['', '', '', '', '', '', '', '', '', '', '48.00', '8.2']
['60', 'FR199', 'FR. OCTOPUS-BABY', '', '16/25', '10', 'CTNS', '58.80', 'per CTNS', '0.000', '588.00']
['', '', '', '', '', '', '', '', '', '', '69.62', '42.5']
['40', 'FR179BB', 'OF SILVERBARB FISH', '', '', '2', 'CTNS', '82.00', 'per CTNS', '0.000', '164.00']
['', '', '', '', '', '', '', '', '', '', '2.80', '6.7']
['20', 'WK102', 'WOO KEE BANH CANH XANH', '', '', '40', 'BAGS', '1.05', 'per BAGS', '0.000', '42.00']
['Invoice', '#:', '769281', 'Invoice date:', '09/24/18', 'Customer: K060', 'KIM NHUNG MARKETPLACE', 'Sales rep:', '17']
['', '', '', '', '', '', '', '', '', '', '69.62', '42.5']
['50', '', 'MOC: WILD CAUGHT', '', '', 'ORIGIN: VIETNAM']
['60', 'FR199', 'FR. OCTOPUS-BABY', '', '16/25', '10', 'CTNS', '58.80', 'per CTNS', '0.000', '588.00']
['', '', '16 OZ X', '24 BG', '*BLUE BIRD*', '54.00', 'CTNS', '', '', '0.000', '540.00']
['', '', '', '', '', '', '', '', '', '', '48.00', '8.2']
['70', '', 'MOC: WILD CAUGHT', '', '', 'ORIGIN: INDIA']
['90', 'FR123', 'OF BONITA', '*CA NGU*', '', '3', 'EACH', '47.85', 'per CTNS', '0.000', '143.55']
['', '', '33 LBS VN', '2/4lb', '$1.45/lb', '35.97', 'EACH', '', '', '0.000', '107.91']
['', '', '', '', '', '', '', '', '', '', '35.64', '24.8']
['100', 'FR179B', 'OF CA HE TAM GIA VI', '', '1 PCS', '2', 'CTNS', '98.00', 'per CTNS', '0.000', '196.00']
['', '', '33 LB', '1 PC/BAG', '*ME VINH', '84.00', 'CTNS', '', '', '0.000', '168.00']
['', '', '', '', '', '', '', '', '', '', '28.00', '14.3']
['105', 'FR234', 'OF LIZARD FISH CLEAN IQF', '', '', '2', 'CTNS', '50.00', 'per CTNS', '0.000', '100.00']
['', '', '30 LBS CA MOI LAM SACH', '', '', '31.80', 'CTNS', '', '', '0.000', '63.60']
['', '', '', '', '', '', '', '', '', '', '36.40', '36.4']
['110', 'FR034A', 'FR. MACKEREL-SABA', '', "44's", '5', 'CTNS', '53.25', 'per CTNS', '0.000', '266.25']
['', '', '44.01 LBS NORWAY', '', '400-600', '40.572', 'CTNS', '', '', '0.000', '202.86']
['', '', '', '', '', '', '', '', '', '', '63.39', '23.8']
['120', '', 'MOC: WILD CAUGHT', '', '', 'ORIGIN: NORWAY']
['', '', '', '', '', '', '', '', '', '', '1,215.00-', '238.2-']
['290', 'UT818', 'NAUTILUS CATFISH GUTTED', '', '', '300', 'CTNS', '1.70', 'per CTNS', '0.000', '510.00']
['', '', '5-10# GUIDRY', '', '30 LBS', '5.75', 'CTNS', '', '', '0.000', '1725.00']
['240', '', 'MOC: WILD CAUGHT', '', '', 'ORIGIN: MALAYSIA']
['', '', '22LBS malaysia W/R IQF', '', '', '30.80', 'CTNS', '', '', '0.000', '616.00']
['200', '', 'MOC: WILD CAUGHT', '', '', 'ORIGIN: BRAZIL']
['', '', '22 LBS', '*ECUADOR*', '$2.00/lb', '38.50', 'CTNS', '', '', '0.000', '385.00']
['180', '', 'MOC: FARM RAISED', '', '', 'ORIGIN: CHINA']
['', '', '10lbs', '$2.60/lb', '500/up', '23.50', 'CTNS', '', '', '0.000', '352.50']
['160', '', 'MOC: FARM RAISED', '', '', 'ORIGIN: CHINA']
['', '', '40LB', '(90%N.W)', '900/UP*NET*', '64.40', 'CTNS', '', '', '0.000', '644.00']
['140', '', 'MOC: WILD CAUGHT', '', '', 'ORIGIN: VIETNAM']
['Invoice', '#:', '769281', 'Invoice date:', '09/24/18', 'Customer: K060', 'KIM NHUNG MARKETPLACE', 'Sales rep:', '17']
['', '', '', '', '', '', '', '', '', '', '37.50', '9.6']
['180', '', 'MOC: FARM RAISED', '', '', 'ORIGIN: CHINA']
['190', 'FR228A', 'FR. BUTTER FISH', '', '400/500', '10', 'CTNS', '44.00', 'per CTNS', '0.000', '440.00']
['', '', '22 LBS', '*ECUADOR*', '$2.00/lb', '38.50', 'CTNS', '', '', '0.000', '385.00']
['', '', '', '', '', '', '', '', '', '', '55.00', '12.5']
['200', '', 'MOC: WILD CAUGHT', '', '', 'ORIGIN: BRAZIL']
['230', 'FR116H', 'FR. CA BAC MA', '', '400/600g', '20', 'CTNS', '48.40', 'per CTNS', '0.000', '968.00']
['', '', '22LBS malaysia W/R IQF', '', '', '30.80', 'CTNS', '', '', '0.000', '616.00']
['', '', '', '', '', '', '', '', '', '', '352.00', '36.4']
['240', '', 'MOC: WILD CAUGHT', '', '', 'ORIGIN: MALAYSIA']
['280', 'UT818', 'NAUTILUS CATFISH GUTTED', '', '', '300', 'CTNS', '1.70', 'per CTNS', '0.000', '510.00']
['', '', '5-10# GUIDRY', '', '30 LBS', '5.75', 'CTNS', '', '', '0.000', '1725.00']
['', '', '', '', '', '', '', '', '', '', '1,215.00-', '238.2-']
['290', 'UT818', 'NAUTILUS CATFISH GUTTED', '', '', '300', 'CTNS', '1.70', 'per CTNS', '0.000', '510.00']
['', '', '3-5# GUIDRY', '30 LBS', '', '5.75', 'CTNS', '', '', '0.000', '1725.00']
['', '', '', '', '', '', '', '', '', '', '1,215.00-', '238.2-']
['300', 'UT818', 'NAUTILUS PETRALE SOLE', '', '', '50', 'CTNS', '2.45', 'per CTNS', '0.000', '122.50']
['', '', 'WHOLE FRESH CANADA', '', '', '5.75', 'CTNS', '', '', '0.000', '287.50']
['', '', '', '', '', '', '', '', '', '', '165.00-', '134.7-']
['', '', '', '', '', '', '', '', '', '', '200.00-', '228.6-']
['340', 'UT818', 'NAUTILUS SKATEWING MEXICO', '', '', '50', 'CTNS', '1.75', 'per CTNS', '0.000', '87.50']
['', '', '', '', '', '', '', '', '', '', '115.74-', '43.7-']
['320', 'UT818', 'NAUTILUS SEA BREAM/ORATA', '', '', '66.138', 'CTNS', '4.00', 'per CTNS', '0.000', '264.55']
['Invoice', '#:', '769281', 'Invoice date:', '09/24/18', 'Customer: K060', 'KIM NHUNG MARKETPLACE', 'Sales rep:', '17']
['', '', '', '', '', '', '', '', '', '', '115.74-', '43.7-']
['330', 'UT818', 'NAUTILUS TILAPIA FRESH', '', '', '88', 'CTNS', '2.05', 'per CTNS', '0.000', '180.40']
['', '', '22 LBS', 'SEAFARM', '', '5.75', 'CTNS', '', '', '0.000', '506.00']
['', '', '', '', '', '', '', '', '', '', '325.60-', '180.5-']
['340', 'UT818', 'NAUTILUS SKATEWING MEXICO', '', '', '50', 'CTNS', '1.75', 'per CTNS', '0.000', '87.50']
['', '', '50 LBS', '', '', '5.75', 'CTNS', '', '', '0.000', '287.50']
['', '', '', '', '', '', '', '', '', '', '200.00-', '228.6-']
['350', 'FR827B', 'SHRIMP H/L S/O', '36/40', '', '20', 'CTNS', '150.00', 'per CTNS', '0.000', '3000.00']
['', '', '10/4lb ECUADOR', '$3.75/lb', '', '140.00', 'CTNS', '', '', '0.000', '2800.00']
['', '', '', '', '', '', '', '', '', '', '200.00', '6.7']
['', '', '', '', '', '', '', '', 'Invoice totals:', '', '9563.80']
['', '', '', '', '', '', '', '', '', '', '11726.73']
['', '', '', '', '', '', '', '', '', '', '2,162.93-', '22.6-']
['', '', '', '', '', '', '', '', '', '', '46.08', '27.4']
['100', 'FR600A', 'OF STEAMED MACKEREL', '2PCS', '', '2', 'CTNS', '84.00', 'per CTNS', '0.000', '168.00']
['', '', '', '', '', '', '', '', '', '', '80.00', '2.7']
['80', 'FR827', 'SHRIMP H/O', '30/40 CHAMPMAR', '', '20', 'CTNS', '150.00', 'per CTNS', '0.000', '3000.00']
['', '', '', '', '', '', '', '', '', '', '10.00', '2.3']
['60', 'FR827II', 'SHRIMP P&D T/F', '26/30 IQF', '', '10', 'CTNS', '43.50', 'per CTNS', '0.000', '435.00']
['', '', '', '', '', '', '', '', '', '', '85.20', '30.9']
['40', 'FR104A', 'FR. TOP SNAIL oc len', '', '10+1', '3', 'CTNS', '92.00', 'per CTNS', '0.000', '276.00']
['', '', '', '', '', '', '', '', '', '', '27.50', '11.2']
['20', 'FR125', 'SUN THIT OC BU SNAIL MEAT', '', '', '5', 'CTNS', '49.00', 'per CTNS', '0.000', '245.00']
['Invoice', '#:', '769282', 'Invoice date:', '09/24/18', 'Customer: K060', 'KIM NHUNG MARKETPLACE', 'Sales rep:', '17']
['', '', '12z X', '24 BX', '*LAL* xao dua', '63.60', 'CTNS', '', '', '0.000', '190.80']
['', '', '', '', '', '', '', '', '', '', '85.20', '30.9']
['50', 'TH111', 'TAYHO FRIED PORK SAUSAGE', '', '', '1', 'CTNS', '75.50', 'per CTNS', '0.000', '75.50']
['', '', '10 OZ X', '24 (doi xa chien)', '', '68.40', 'CTNS', '', '', '0.000', '68.40']
['', '', '', '', '', '', '', '', '', '', '7.10', '9.4']
['60', 'FR827II', 'SHRIMP P&D T/F', '26/30 IQF', '', '10', 'CTNS', '43.50', 'per CTNS', '0.000', '435.00']
['', '', '5/2 LB INDIA', '$4.35/LB.', '', '42.50', 'CTNS', '', '', '0.000', '425.00']
['', '', '', '', '', '', '', '', '', '', '10.00', '2.3']
['70', '', 'MOC: FARM RAISED', '', 'ORIGIN: INDIA']
['80', 'FR827', 'SHRIMP H/O', '30/40 CHAMPMAR', '', '20', 'CTNS', '150.00', 'per CTNS', '0.000', '3000.00']
['', '', '10/4lb ECUADOR', '$3.75/lb', '', '146.00', 'CTNS', '', '', '0.000', '2920.00']
['', '', '', '', '', '', '', '', '', '', '80.00', '2.7']
['90', '', 'MOC: FARM RAISED', '', 'ORIGIN: ECUADOR']
['100', 'FR600A', 'OF STEAMED MACKEREL', '2PCS', '', '2', 'CTNS', '84.00', 'per CTNS', '0.000', '168.00']
['', '', '7 OZ X', '48', '*VN* CA HAP VI', '60.96', 'CTNS', '', '', '0.000', '121.92']
['', '', '', '', '', '', '', '', '', '', '46.08', '27.4']
['', '', '', '', '', '', '', '', 'Invoice totals:', '', '4743.50']
['', '', '', '', '', '', '', '', '', '', '4420.62']
['', '', '', '', '', '', '', '', '', '', '322.88', '6.8']
['', '', '', '', '', '', '', '', '', '', '15.00', '4.8']
['60', 'GR501A', 'MVN BEEF BALL', '', '#612', '5', 'CTNS', '63.00', 'per CTNS', '0.000', '315.00']
['', '', '', '', '', '', '', '', '', '', '40.00', '6.7']
['40', 'GR400A', 'Q-HUONG PORK BALL BBQ', '', '2LB', '10', 'CTNS', '60.00', 'per CTNS', '0.000', '600.00']
['', '', '', '', '', '', '', '', '', '', '30.00', '9.1']
['20', 'FR350', 'BMK MEAT BALL', '', '', '5', 'CTNS', '66.00', 'per CTNS', '0.000', '330.00']
['Invoice', '#:', '769283', 'Invoice date:', '09/24/18', 'Customer: K060', 'KIM NHUNG MARKETPLACE', 'Sales rep:', '17']
['30', 'FR351', 'BMK MEAT BALL W/TENDON', '', '', '5', 'CTNS', '66.00', 'per CTNS', '0.000', '330.00']
['', '', '10 OZ X', '20 BAGS', '', '60.00', 'CTNS', '', '', '0.000', '300.00']
['', '', '', '', '', '', '', '', '', '', '30.00', '9.1']
['40', 'GR400A', 'Q-HUONG PORK BALL BBQ', '', '2LB', '10', 'CTNS', '60.00', 'per CTNS', '0.000', '600.00']
['', '', '2 LBS/', '10', 'nem nuong', '56.00', 'CTNS', '', '', '0.000', '560.00']
['', '', '', '', '', '', '', '', '', '', '40.00', '6.7']
['50', 'GR400AA', 'Q-HUONG PORK BALL BBQ14OZ', '', '', '5', 'CTNS', '60.00', 'per CTNS', '0.000', '300.00']
['', '', '14 OZ X', '20 BAG', 'nem nuong', '56.00', 'CTNS', '', '', '0.000', '280.00']
['', '', '', '', '', '', '', '', '', '', '20.00', '6.7']
['60', 'GR501A', 'MVN BEEF BALL', '', '#612', '5', 'CTNS', '63.00', 'per CTNS', '0.000', '315.00']
['', '', '11 OZ X', '20 BAG', '', '60.00', 'CTNS', '', '', '0.000', '300.00']
['', '', '', '', '', '', '', '', '', '', '15.00', '4.8']
['', '', '', '', '', '', '', '', 'Invoice totals:', '', '2035.00']
['', '', '', '', '', '', '', '', '', '', '1874.10']
['', '', '', '', '', '', '', '', '', '', '160.90', '7.9']
['', '', '', '', '', '', '', '', '', '', '6.60', '10.7']
['20', 'PR702', 'MUNG BEAN SPROUTS', '', '10 LBS', '3', 'CTNS', '20.60', 'per CTNS', '0.000', '61.80']
['Invoice', '#:', '769284', 'Invoice date:', '09/24/18', 'Customer: K060', 'KIM NHUNG MARKETPLACE', 'Sales rep:', '17']
['', '', '', '', '', '', '', '', '', '', '7.00', '9.7']
['20', 'PR702', 'MUNG BEAN SPROUTS', '', '10 LBS', '3', 'CTNS', '20.60', 'per CTNS', '0.000', '61.80']
['', '', '10 LBS X', '4 BAGS', '*FUJI*', '18.40', 'CTNS', '', '', '0.000', '55.20']
['', '', '', '', '', '', '', '', '', '', '6.60', '10.7']
['30', 'PR100', 'BEST FRESH COCONUT', '', '', '28', 'CTNS', '11.00', 'per CTNS', '0.000', '308.00']
['', '', '9 COUNT', '*THAILAND*', '', '10.00', 'CTNS', '', '', '0.000', '280.00']
['', '', '', '', '', '', '', '', '', '', '28.00', '9.1']
['', '', '', '', '', '', '', '', 'Invoice totals:', '', '441.80']
['', '', '', '', '', '', '', '', '', '', '400.20']
['', '', '', '', '', '', '', '', '', '', '41.60', '9.4']
['', '', '', '', '', '', '', '', '', '', '', '5.00', '13.8']
['100', 'FR330F', 'VISOY HERB TEA', '', '*L*', '2', 'CTNS', '18.10', 'per', 'CTNS', '0.000', '36.20']
['', '', '', '', '', '', '', '', '', '', '', '2.50', '13.8']
['80', 'FR330D', 'VISOY CHRYSANTHEMUM DR*L*', '', '', '1', 'CTNS', '18.10', 'per', 'CTNS', '0.000', '18.10']
['', '', '', '', '', '', '', '', '', '', '', '6.00', '9.1']
['60', 'WK106', 'WOO KEE FRESH RICE NOODLE', '', '', '30', 'BAGS', '2.20', 'per', 'BAGS', '0.000', '66.00']
['', '', '', '', '', '', '', '', '', '', '', '4.00', '9.3']
['40', 'WK102', 'WOO KEE BANH CANH XANH', '', '', '40', 'BAGS', '1.08', 'per', 'BAGS', '0.000', '43.20']
['', '', '', '', '', '', '', '', '', '', '', '3.00', '9.3']
['20', 'WK104', 'WOO KEE BANH BOT LOC', '', '', '30', 'BAGS', '1.08', 'per BAGS', '', '0.000', '32.40']
['Invoice', '#:', '769285', 'Invoice date:', '09/25/18', 'Customer: LEE', '#2', 'LEE LEE ORIENTAL MKT INC.', 'Sales rep:', '17']
['50', 'WK108', 'WOO KEE FRESH RICE ROLLS', '', '', '30', 'EACH', '2.10', 'per', 'TRAY', '0.000', '63.00']
['', '', 'EACH banh cuon tom hanh', '', '', '1.90', 'EACH', '', '', '', '0.000', '57.00']
['', '', '', '', '', '', '', '', '', '', '', '6.00', '9.5']
['60', 'WK106', 'WOO KEE FRESH RICE NOODLE', '', '', '30', 'BAGS', '2.20', 'per', 'BAGS', '0.000', '66.00']
['', '', '26 OZ', 'banh uot mong', '', '2.00', 'BAGS', '', '', '', '0.000', '60.00']
['', '', '', '', '', '', '', '', '', '', '', '6.00', '9.1']
['70', 'FR331', 'VISOY FRESH SOY MILK', '', '*L*', '5', 'CTNS', '18.10', 'per', 'CTNS', '0.000', '90.50']
['', '', '64 OZ X', '8 BT', '', '15.60', 'CTNS', '', '', '', '0.000', '78.00']
['', '', '', '', '', '', '', '', '', '', '', '12.50', '13.8']
['80', 'FR330D', 'VISOY CHRYSANTHEMUM DR*L*', '', '', '1', 'CTNS', '18.10', 'per', 'CTNS', '0.000', '18.10']
['', '', '64 OZ X', '8 BT', '', '15.60', 'CTNS', '', '', '', '0.000', '15.60']
['', '', '', '', '', '', '', '', '', '', '', '2.50', '13.8']
['90', 'FR330', 'VISOY FRESH SOY MILK', '', '*S*', '1', 'CASE', '24.75', 'per', 'CASE', '0.000', '24.75']
['', '', '16 OZ X', '28 BT', '', '21.00', 'CASE', '', '', '', '0.000', '21.00']
['', '', '', '', '', '', '', '', '', '', '', '3.75', '15.2']
['100', 'FR330F', 'VISOY HERB TEA', '', '*L*', '2', 'CTNS', '18.10', 'per', 'CTNS', '0.000', '36.20']
['', '', '64 OZ X', '8 BT', '', '15.60', 'CTNS', '', '', '', '0.000', '31.20']
['', '', '', '', '', '', '', '', '', '', '', '5.00', '13.8']
['110', 'FR330I', 'VISOY SUGARLESS SOY MILK', '', '', '3', 'CTNS', '18.10', 'per', 'CTNS', '0.000', '54.30']
['', '', '64 OZ X', '8 BT', '*L*', '15.60', 'CTNS', '', '', '', '0.000', '46.80']
['', '', '', '', '', '', '', '', '', '', '', '7.50', '13.8']
['', '', '', '', '', '', '', '', '', '', '', '100.50', '14.6']
['210', 'FR385', 'MENLO SPRING ROLL WRAPPER', '', '', '30', 'CTNS', '23.00', 'per', 'CTNS', '0.000', '690.00']
['', '', '', '', '', '', '', '', '', '', '', '9.75', '15.2']
['190', 'FR382', 'PEKING SUEY GOW SKIN', '', '', '5', 'CTNS', '12.80', 'per', 'CTNS', '0.000', '64.00']
['', '', '', '', '', '', '', '', '', '', '', '17.40', '15.7']
['170', 'FR261', 'H.K. WONTON WRAPPER', '', '', '3', 'CTNS', '37.00', 'per', 'CTNS', '0.000', '111.00']
['', '', '', '', '', '', '', '', '', '', '', '11.88', '12.0']
['150', 'FR109', 'BOAT CHA CA THAC LAC', '', '', '1', 'CTNS', '99.00', 'per', 'CTNS', '0.000', '99.00']
['', '', '', '', '', '', '', '', '', '', '', '10.50', '19.4']
['130', 'FR332A', 'VISOY PRESS TOFU', '', '', '30', 'EACH', '1.80', 'per EACH', '', '0.000', '54.00']
['Invoice', '#:', '769285', 'Invoice date:', '09/25/18', 'Customer: LEE', '#2', 'LEE LEE ORIENTAL MKT INC.', 'Sales rep:', '17']
['160', 'FR260', 'H.K. GYOZA DUMPLING', '', '', '10', 'CTNS', '37.00', 'per', 'CTNS', '0.000', '370.00']
['', '', '12 OZ X', '30 BAGS', 'WRAPPER', '31.20', 'CTNS', '', '', '', '0.000', '312.00']
['', '', '', '', '', '', '', '', '', '', '', '58.00', '15.7']
['170', 'FR261', 'H.K. WONTON WRAPPER', '', '', '3', 'CTNS', '37.00', 'per', 'CTNS', '0.000', '111.00']
['', '', '12 OZ X', '30 BAGS', 'pink', '31.20', 'CTNS', '', '', '', '0.000', '93.60']
['', '', '', '', '', '', '', '', '', '', '', '17.40', '15.7']
['180', 'FR261A', 'H.K. SHU MAI WRAPPER', '', '', '2', 'CTNS', '37.00', 'per', 'CTNS', '0.000', '74.00']
['', '', '12 OZ X', '30 BAGS', '', '29.10', 'CTNS', '', '', '', '0.000', '58.20']
['', '', '', '', '', '', '', '', '', '', '', '15.80', '21.4']
['190', 'FR382', 'PEKING SUEY GOW SKIN', '', '', '5', 'CTNS', '12.80', 'per', 'CTNS', '0.000', '64.00']
['', '', '10 OZ X', '12 BAG (GYOZA)', '', '10.85', 'CTNS', '', '', '', '0.000', '54.25']
['', '', '', '', '', '', '', '', '', '', '', '9.75', '15.2']
['200', 'FR384', 'PEKING WONTON SKIN', '', '', '1', 'CTNS', '33.50', 'per', 'CTNS', '0.000', '33.50']
['', '', '1 LBS X', '30 BAG', '', '29.48', 'CTNS', '', '', '', '0.000', '29.48']
['', '', '', '', '', '', '', '', '', '', '', '4.02', '12.0']
['210', 'FR385', 'MENLO SPRING ROLL WRAPPER', '', '', '30', 'CTNS', '23.00', 'per', 'CTNS', '0.000', '690.00']
['', '', '16 OZ X', '20 BAGS', '', '19.65', 'CTNS', '', '', '', '0.000', '589.50']
['', '', '', '', '', '', '', '', '', '', '', '100.50', '14.6']
['220', 'FR483', 'GP FRIED FISH BALL', '', '', '3', 'CTNS', '65.00', 'per', 'CTNS', '0.000', '195.00']
['', '', '10OZ X', '24 (CA VIEN CHIEN)', '', '59.52', 'CTNS', '', '', '', '0.000', '178.56']
['', '', '', '', '', '', '', '', '', '', '', '16.44', '8.4']
['', '', '', '', '', '', '', '', '', '', '', '29.55', '20.4']
['320', 'FD105B', 'FOCO ROAST. COCONUT JUICE', '', '', '10', 'CTNS', '14.75', 'per', 'CTNS', '2.000', '144.55']
['', '', '', '', '', '', '', '', '', '', '', '12.40', '10.8']
['300', 'VN104', 'VENUS FISHBALL (CA VIEN)', '', '', '1', 'CTNS', '115.00', 'per', 'CTNS', '0.000', '115.00']
['', '', '', '', '', '', '', '', '', '', '', '14.00', '10.7']
['280', 'VN102', 'VENUS BEEF TENDON BALL', '', '', '1', 'CTNS', '131.00', 'per', 'CTNS', '0.000', '131.00']
['', '', '', '', '', '', '', '', '', '', '', '12.80', '10.8']
['260', 'VN100', 'VENUS PORK MEAT BALL', '', '', '1', 'CTNS', '119.00', 'per', 'CTNS', '0.000', '119.00']
['', '', '', '', '', '', '', '', '', '', '', '13.20', '9.6']
['240', 'TH099', 'TAYHO CHA LUA VIETNAM', '', '', '2', 'CTNS', '69.00', 'per CTNS', '', '0.000', '138.00']
['Invoice', '#:', '769285', 'Invoice date:', '09/25/18', 'Customer: LEE', '#2', 'LEE LEE ORIENTAL MKT INC.', 'Sales rep:', '17']
['270', 'VN101', 'VENUS BEEF MEAT BALL', '', '', '1', 'CTNS', '127.00', 'per', 'CTNS', '0.000', '127.00']
['', '', '8 OZ. X', '60 BAGS', '#202', '113.40', 'CTNS', '', '', '', '0.000', '113.40']
['', '', '', '', '', '', '', '', '', '', '', '13.60', '10.7']
['280', 'VN102', 'VENUS BEEF TENDON BALL', '', '', '1', 'CTNS', '131.00', 'per', 'CTNS', '0.000', '131.00']
['', '', '12 OZ. X', '40 BAGS', '#204', '117.00', 'CTNS', '', '', '', '0.000', '117.00']
['', '', '', '', '', '', '', '', '', '', '', '14.00', '10.7']
['290', 'VN103', 'VENUS CUTTLEFISH BALL', '', '', '1', 'CTNS', '131.00', 'per', 'CTNS', '0.000', '131.00']
['', '', '8 OZ. X', '60 BAGS', '#251', '117.00', 'CTNS', '', '', '', '0.000', '117.00']
['', '', '', '', '', '', '', '', '', '', '', '14.00', '10.7']
['300', 'VN104', 'VENUS FISHBALL (CA VIEN)', '', '', '1', 'CTNS', '115.00', 'per', 'CTNS', '0.000', '115.00']
['', '', '8 OZ. X', '60 BAGS', '#252', '102.60', 'CTNS', '', '', '', '0.000', '102.60']
['', '', '', '', '', '', '', '', '', '', '', '12.40', '10.8']
['310', 'VN106', 'VENUS SHRIMP BALL', '', '#253', '1', 'CTNS', '122.00', 'per', 'CTNS', '0.000', '122.00']
['', '', '8 OZ. X', '60 BAGS', '', '108.00', 'CTNS', '', '', '', '0.000', '108.00']
['', '', '', '', '', '', '', '', '', '', '', '14.00', '11.5']
['320', 'FD105B', 'FOCO ROAST. COCONUT JUICE', '', '', '10', 'CTNS', '14.75', 'per', 'CTNS', '2.000', '144.55']
['', '', '11.8 OZ X', '24 CANcrv2', '', '11.50', 'CTNS', '', '', '', '0.000', '115.00']
['', '', '', '', '', '', '', '', '', '', '', '29.55', '20.4']
['330', 'FD105C', 'FOCO ROAST. COCONUT JUICE', '', '', '10', 'CTNS', '20.00', 'per', 'CTNS', '0.000', '200.00']
['', '', '17.6 OZ/24 CRV002', '', '10+1', '15.49', 'CTNS', '', '', '', '0.000', '154.90']
['', '', '', '', '', '', '', '', '', '', '', '45.10', '22.6']
['', '', '', '', '', '', '', '', '', '', '', '10.60', '36.1']
['510', 'CF148A', 'CHOW-Q PANDAN GEL', '', '', '1', 'CTNS', '30.00', 'per', 'CTNS', '2.000', '29.40']
['', '', '', '', '', '', '', '', '', '', '', '6.00', '12.0']
['480', 'CC131', 'CHAOKOH COCONUT MILK', '', '5.6z', '2', 'CTNS', '25.00', 'per', 'CTNS', '0.000', '50.00']
['', '', '', '', '', '', '', '', '', '', '', '19.36', '47.0']
['410', 'BC101', 'LAL YOUNG BABY CORN', '', '18PC', '2', 'CTNS', '21.00', 'per', 'CTNS', '2.000', '41.16']
['', '', '', '', '', '', '', '', '', '', '', '92.00', '16.7']
['390', 'FD350', "YEO'S SOYBEAN DRINK cans", '', '', '50', 'CTNS', '11.00', 'per', 'CTNS', '0.000', '550.00']
['', '', '', '', '', '', '', '', '', '', '', '10.00', '11.4']
['350', 'FD107A', 'CHAOKOH COCO JUICE W/JELL', '', '', '5', 'CTNS', '17.50', 'per CTNS', '', '0.000', '87.50']
['Invoice', '#:', '769285', 'Invoice date:', '09/25/18', 'Customer: LEE', '#2', 'LEE LEE ORIENTAL MKT INC.', 'Sales rep:', '17']
['400', 'FD350', "YEO'S SOYBEAN DRINK cans", '', '', '5', 'CTNS', '0.00', 'per', 'CTNS', '0.000', '0.00']
['', '', '10 OZ X', '24 CANS', '10+1', '9.16', 'CTNS', '', '', '', '0.000', '45.80']
['', '', '', '', '', '', '', '', '', '', '', '45.80-', '0.0']
['410', 'BC101', 'LAL YOUNG BABY CORN', '', '18PC', '2', 'CTNS', '21.00', 'per', 'CTNS', '2.000', '41.16']
['', '', '15 OZ X', '24 CANS', '', '10.90', 'CTNS', '', '', '', '0.000', '21.80']
['', '', '', '', '', '', '', '', '', '', '', '19.36', '47.0']
['460', 'BS160', 'LAL BBS TIP', '*LARGE*', '42OZ', '2', 'CTNS', '28.00', 'per', 'CTNS', '2.000', '54.88']
['', '', '42 OZ X', '12 LONG CAN', '[A39]', '24.09', 'CTNS', '', '', '', '0.000', '48.18']
['', '', '', '', '', '', '', '', '', '', '', '6.70', '12.2']
['480', 'CC131', 'CHAOKOH COCONUT MILK', '', '5.6z', '2', 'CTNS', '25.00', 'per', 'CTNS', '0.000', '50.00']
['', '', '5.6 OZ X', '48 CAN', '', '22.00', 'CTNS', '', '', '', '0.000', '44.00']
['', '', '', '', '', '', '', '', '', '', '', '6.00', '12.0']
['490', 'CF115', 'KAMAYAN ANCHOVIS BALAYAN', '', '', '1', 'CTNS', '36.00', 'per', 'CTNS', '0.000', '36.00']
['', '', '12 OZ X', '24 BTL', 'SAUCE', '32.50', 'CTNS', '', '', '', '0.000', '32.50']
['', '', '', '', '', '', '', '', '', '', '', '3.50', '9.7']
['510', 'CF148A', 'CHOW-Q PANDAN GEL', '', '', '1', 'CTNS', '30.00', 'per', 'CTNS', '2.000', '29.40']
['', '', '12 OZ X', '24', '', '18.80', 'CTNS', '', '', '', '0.000', '18.80']
['', '', '', '', '', '', '', '', '', '', '', '10.60', '36.1']
['520', 'CF149', 'CHOW-Q JACKFRUIT IN SYRUP', '', '', '1', 'CTNS', '48.00', 'per', 'EACH', '2.000', '47.04']
['', '', '12 OZ X', '24 BT', '', '34.19', 'CTNS', '', '', '', '0.000', '34.19']
['', '', '', '', '', '', '', '', '', '', '', '12.85', '27.3']
['', '', '', '', '', '', '', '', '', '', '', '13.27', '21.7']
['700', 'CV130A', 'LAL PKL SWT&SOUR LOTUS', '', '*S', '2', 'CTNS', '31.20', 'per', 'CTNS', '2.000', '61.15']
['', '', '', '', '', '', '', '', '', '', '', '9.30', '22.6']
['680', 'CV121', 'LAL YANANG LEAVE EXTRACT', '', '', '2', 'CTNS', '21.00', 'per', 'CTNS', '2.000', '41.16']
['', '', '', '', '', '', '', '', '', '', '', '2.50', '13.9']
['630', 'CO246', 'EURO CUSTARD CAKE', '', '', '1', 'CTNS', '18.00', 'per', 'CTNS', '0.000', '18.00']
['', '', '', '', '', '', '', '', '', '', '', '6.00', '13.0']
['610', 'CF250', 'CHAOKOH COCONUT GEL', '', '', '2', 'CTNS', '23.00', 'per', 'CTNS', '0.000', '46.00']
['', '', '', '', '', '', '', '', '', '', '', '9.94', '26.7']
['570', 'CF225', 'LAL TODDYPALM & JACKFRUIT', '', '', '1', 'CTNS', '38.00', 'per CTNS', '', '2.000', '37.24']
['Invoice', '#:', '769285', 'Invoice date:', '09/25/18', 'Customer: LEE', '#2', 'LEE LEE ORIENTAL MKT INC.', 'Sales rep:', '17']
['620', 'CO245', 'EURO STRAWBERRY CAKE', '', '', '1', 'CTNS', '18.00', 'per', 'CTNS', '0.000', '18.00']
['', '', '6 PCS X', '12 BOX', '[H12b]', '15.50', 'CTNS', '', '', '', '0.000', '15.50']
['', '', '', '', '', '', '', '', '', '', '', '2.50', '13.9']
['630', 'CO246', 'EURO CUSTARD CAKE', '', '', '1', 'CTNS', '18.00', 'per', 'CTNS', '0.000', '18.00']
['', '', '6 PCS X', '12 BOX', '[H11b]', '15.50', 'CTNS', '', '', '', '0.000', '15.50']
['', '', '', '', '', '', '', '', '', '', '', '2.50', '13.9']
['650', 'CO290', 'NICE CHOICE PINEAPLE CAKE', '', '', '1', 'CTNS', '48.00', 'per', 'CTNS', '0.000', '48.00']
['', '', '8 OZ X', '30 BOX', '', '44.00', 'CTNS', '', '', '', '0.000', '44.00']
['', '', '', '', '', '', '', '', '', '', '', '4.00', '8.3']
['680', 'CV121', 'LAL YANANG LEAVE EXTRACT', '', '', '2', 'CTNS', '21.00', 'per', 'CTNS', '2.000', '41.16']
['', '', '14OZ/24 (NUOC SUONG SAM)', '', '', '15.93', 'CTNS', '', '', '', '0.000', '31.86']
['', '', '', '', '', '', '', '', '', '', '', '9.30', '22.6']
['690', 'CV130', 'LAL PKL LOTUS ROOTLET (S)', '', '', '3', 'CTNS', '31.20', 'per', 'CTNS', '2.000', '91.73']
['', '', '16 OZ X', '24 JARS', '', '19.50', 'CTNS', '', '', '', '0.000', '58.50']
['', '', '', '', '', '', '', '', '', '', '', '33.23', '36.2']
['700', 'CV130A', 'LAL PKL SWT&SOUR LOTUS', '', '*S', '2', 'CTNS', '31.20', 'per', 'CTNS', '2.000', '61.15']
['', '', '16 OZ X', '24 JARS', '', '23.94', 'CTNS', '', '', '', '0.000', '47.88']
['', '', '', '', '', '', '', '', '', '', '', '13.27', '21.7']
['710', 'CV133', 'FU CHUNG BEAN SOY SAUCE', '', '', '1', 'CTNS', '31.50', 'per', 'CTNS', '0.000', '31.50']
['', '', '8.8 OZ/36 JAR', 'RED', '[H18]', '28.50', 'CTNS', '', '', '', '0.000', '28.50']
['', '', '', '', '', '', '', '', '', '', '', '3.00', '9.5']
['', '', '', '', '', '', '', '', '', '', '', '3.75', '10.0']
['810', 'KS231', 'SK CANH GA, ECH CHIEN BO', '', '', '1', 'CTNS', '37.50', 'per', 'CTNS', '0.000', '37.50']
['', '', '', '', '', '', '', '', '', '', '', '6.00', '11.5']
['790', 'KS214', 'SK CA RI NI', '16oz (CHAI)', '', '1', 'CTNS', '52.00', 'per', 'CTNS', '0.000', '52.00']
['', '', '', '', '', '', '', '', '', '', '', '8.00', '11.1']
['770', 'FP149A', 'ANH HONG MAM NEM PHA SAN', '', '', '2', 'CTNS', '36.00', 'per', 'CTNS', '0.000', '72.00']
['', '', '', '', '', '', '', '', '', '', '', '20.00', '10.5']
['750', 'FO121', 'FRIED RED ONION', '***L***', '', '2', 'CTN', '95.00', 'per', 'CTN', '0.000', '190.00']
['', '', '', '', '', '', '', '', '', '', '', '7.50', '19.2']
['730', 'CW120', 'SHAO HSING COOKING WINE', '', '', '3', 'CTNS', '13.00', 'per CTNS', '', '0.000', '39.00']
['Invoice', '#:', '769285', 'Invoice date:', '09/25/18', 'Customer: LEE', '#2', 'LEE LEE ORIENTAL MKT INC.', 'Sales rep:', '17']
['760', 'FP146', 'PAGOLAC MAM NEM PHA SAN', '', '', '3', 'CTNS', '36.00', 'per', 'CTNS', '0.000', '108.00']
['', '', '12.5 OZ X', '12 BT', '', '32.00', 'CTNS', '', '', '', '0.000', '96.00']
['', '', '', '', '', '', '', '', '', '', '', '12.00', '11.1']
['770', 'FP149A', 'ANH HONG MAM NEM PHA SAN', '', '', '2', 'CTNS', '36.00', 'per', 'CTNS', '0.000', '72.00']
['', '', '12.5 OZ X', '12 BT', '', '32.00', 'CTNS', '', '', '', '0.000', '64.00']
['', '', '', '', '', '', '', '', '', '', '', '8.00', '11.1']
['780', 'HM107', 'OX & PALM LUNCHEON MEAT', '', '', '2', 'CTNS', '51.00', 'per', 'CTNS', '0.000', '102.00']
['', '', '12 OZ X', '24 CAN', '', '45.75', 'CTNS', '', '', '', '0.000', '91.50']
['', '', '', '', '', '', '', '', '', '', '', '10.50', '10.3']
['790', 'KS214', 'SK CA RI NI', '16oz (CHAI)', '', '1', 'CTNS', '52.00', 'per', 'CTNS', '0.000', '52.00']
['', '', '16z/12 BT curry pwd', '', '[G7b]', '46.00', 'CTNS', '', '', '', '0.000', '46.00']
['', '', '', '', '', '', '', '', '', '', '', '6.00', '11.5']
['800', 'KS230', 'SK GIA VI NAU PHO (HOP)', '', '', '2', 'CTNS', '34.00', 'per', 'CTNS', '0.000', '68.00']
['', '', '2z/24BX ch.sp. spice G11b', '', '', '30.75', 'CTNS', '', '', '', '0.000', '61.50']
['', '', '', '', '', '', '', '', '', '', '', '6.50', '9.6']
['810', 'KS231', 'SK CANH GA, ECH CHIEN BO', '', '', '1', 'CTNS', '37.50', 'per', 'CTNS', '0.000', '37.50']
['', '', '3Z/50B spicy chicken G12b', '', '', '33.75', 'CTNS', '', '', '', '0.000', '33.75']
['', '', '', '', '', '', '', '', '', '', '', '3.75', '10.0']
['820', 'MS101', 'AJINOMOTO MSG (BAGS)', '', '', '5', 'CTNS', '77.00', 'per', 'CTNS', '0.000', '385.00']
['', '', '16 OZ X', '48 BAGS', '[C30]', '68.10', 'CTNS', '', '', '', '0.000', '340.50']
['', '', '', '', '', '', '', '', '', '', '', '44.50', '11.6']
['', '', '', '', '', '', '', '', '', '', '', '', '', '18.87', '28.3']
['950', 'PC103', '', 'LAL PKL LOUK NIENG', '', '', '', '1', 'CTNS', '68.00', 'per', 'CTNS', '2.000', '66.64']
['', '', '', '', '', '', '', '', '', '', '', '', '', '86.85', '29.5']
['930', 'PA202', '', 'POR KWAN TOM YUM PASTE-L-', '', '', '', '5', 'CTNS', '60.00', 'per', 'CTNS', '2.000', '294.00']
['', '', '', '', '', '', '', '', '', '', '', '', '5.00', '11.9']
['890', 'PA183', 'MAE PLOY GREEN CURRY', '', '', '14oz', '1', 'CTNS', '42.00', 'per', 'CTNS', '0.000', '42.00']
['', '', '', '', '', '', '', '', '', '', '', '', '5.00', '11.9']
['870', 'PA180', 'MAE PLOY RED CURRY', '', '', '14oz', '1', 'CTNS', '42.00', 'per', 'CTNS', '0.000', '42.00']
['', '', '', '', '', '', '', '', '', '', '', '', '3.00', '9.4']
['840', 'NT104', '8 MATE ASST. RICE CRACKER', '', '', '', '1', 'CTNS', '32.00', 'per CTNS', '', '0.000', '32.00']
['Invoice', '#:', '769285', 'Invoice date:', '09/25/18', 'Customer: LEE', '#2', 'LEE LEE ORIENTAL MKT INC.', 'Sales rep:', '17']
['880', 'PA181', 'MAE PLOY YELLOW CURRY', '', '', '', '1', 'CTNS', '42.00', 'per', 'CTNS', '0.000', '42.00']
['', '', '14 OZ X', '24', 'PASTE', '[H1]', '37.00', 'CTNS', '', '', '', '0.000', '37.00']
['', '', '', '', '', '', '', '', '', '', '', '', '5.00', '11.9']
['890', 'PA183', 'MAE PLOY GREEN CURRY', '', '', '14oz', '1', 'CTNS', '42.00', 'per', 'CTNS', '0.000', '42.00']
['', '', '14 OZ X', '24', 'PASTE', '[H3]', '37.00', 'CTNS', '', '', '', '0.000', '37.00']
['', '', '', '', '', '', '', '', '', '', '', '', '5.00', '11.9']
['900', 'PA186', '', 'MAE PLOY RED CURRY', '', '', '2lbs', '1', 'CTNS', '44.00', 'per', 'CTNS', '0.000', '44.00']
['', '', '2 LBS X', '', '12', 'PASTE', '[H1]', '37.00', 'CTNS', '', '', '', '0.000', '37.00']
['', '', '', '', '', '', '', '', '', '', '', '', '', '7.00', '15.9']
['930', 'PA202', '', 'POR KWAN TOM YUM PASTE-L-', '', '', '', '5', 'CTNS', '60.00', 'per', 'CTNS', '2.000', '294.00']
['', '', '16 OZ X', '', '24', '', '', '41.43', 'CTNS', '', '', '', '0.000', '207.15']
['', '', '', '', '', '', '', '', '', '', '', '', '', '86.85', '29.5']
['940', 'PC100', '', 'WEI-C PICKLE CUCUMBER CAN', '', '', '', '1', 'CTNS', '38.00', 'per', 'CTNS', '0.000', '38.00']
['', '', '6', '0Z X', '48 CANS', '', '', '32.72', 'CTNS', '', '', '', '0.000', '32.72']
['', '', '', '', '', '', '', '', '', '', '', '', '', '5.28', '13.9']
['950', 'PC103', '', 'LAL PKL LOUK NIENG', '', '', '', '1', 'CTNS', '68.00', 'per', 'CTNS', '2.000', '66.64']
['', '', '16 OZ X', '', '24 JARS', '', 'W/SKIN', '47.77', 'CTNS', '', '', '', '0.000', '47.77']
['', '', '', '', '', '', '', '', '', '', '', '', '', '18.87', '28.3']
['960', 'PW099', '', 'NP GIA VI PHO BAC CO TUI', '', '', '', '1', 'CTNS', '98.00', 'per', 'CTNS', '2.000', '96.04']
['', '', '', '1.5 OZX100 BAGS', '', '', '', '73.95', 'CTNS', '', '', '', '0.000', '73.95']
['', '', '', '', '', '', '', '', '', '', '', '', '', '22.09', '23.0']
['', '', '', '', '', '', '', '', '', '', '', '', '12.90', '23.9']
['300', 'PA143BB', 'LAL SHRIMP PASTE SOYB OIL', '', '', '', '1', 'CTNS', '55.00', 'per', 'CTNS', '2.000', '53.90']
['', '', '', '', '', '', '', '', '', '', '', '', '7.60', '10.9']
['90', 'TE111', 'TRIPLE-L COLD & FLU', '', '', '*CF*', '1', 'CTNS', '70.00', 'per', 'CTNS', '0.000', '70.00']
['', '', '', '', '', '', '', '', '', '', '', '', '17.16', '41.7']
['30', 'SS190B', 'MAGGI SOY SAUCE VN LARGE', '', '', '', '2', 'CTNS', '21.00', 'per', 'CTNS', '2.000', '41.16']
['', '', '', '', '', '', '', '', '', '', '', '', '4.00', '11.4']
['10', 'SS113', 'LA. BO DE WHOLE SOYBEAN', '', '', '', '1', 'CTNS', '35.00', 'per', 'CTNS', '0.000', '35.00']
['', '', '', '', '', '', '', '', '', '', '', '', '34.80', '32.3']
['980', 'PW104B', 'LAL POLOKU MUSHROOM', '', '', '', '2', 'CTNS', '55.00', 'per CTNS', '', '2.000', '107.80']
['Invoice', '#:', '769285', 'Invoice date:', '09/25/18', 'Customer: LEE', '#2', 'LEE LEE ORIENTAL MKT INC.', 'Sales rep:', '17']
['20', 'SS190A', 'MAGGI SOY SAUCE VN SMALL', '', '', '', '2', 'CTNS', '22.00', 'per', 'CTNS', '2.000', '43.12']
['', '', '10.5 OZ X', '', '24 BT', '*YELLOW*', '12.00', 'CTNS', '', '', '', '0.000', '24.00']
['', '', '', '', '', '', '', '', '', '', '', '', '19.12', '44.3']
['30', 'SS190B', 'MAGGI SOY SAUCE VN LARGE', '', '', '', '2', 'CTNS', '21.00', 'per', 'CTNS', '2.000', '41.16']
['', '', '700 ML X', '', '12 BT', '*YELLOW*', '12.00', 'CTNS', '', '', '', '0.000', '24.00']
['', '', '', '', '', '', '', '', '', '', '', '', '17.16', '41.7']
['40', 'SS190F', 'MAGGI SOYSAUCE VN', '', '', '*CHILI*', '2', 'CTNS', '21.00', 'per', 'CTNS', '2.000', '41.16']
['', '', '200ML X', '24 BT', '', '', '12.00', 'CTNS', '', '', '', '0.000', '24.00']
['', '', '', '', '', '', '', '', '', '', '', '', '17.16', '41.7']
['90', 'TE111', 'TRIPLE-L COLD & FLU', '', '', '*CF*', '1', 'CTNS', '70.00', 'per', 'CTNS', '0.000', '70.00']
['', '', '20 TB', '/', '24 BOX TEA', '#00005', '62.40', 'CTNS', '', '', '', '0.000', '62.40']
['', '', '', '', '', '', '', '', '', '', '', '', '7.60', '10.9']
['290', 'PA143AA', 'LAL CRAB PASTE W SOYB OIL', '', '', '', '2', 'CTNS', '55.00', 'per', 'CTNS', '2.000', '107.80']
['', '', '7 OZ X', '24 JARS', '', '', '41.00', 'CTNS', '', '', '', '0.000', '82.00']
['', '', '', '', '', '', '', '', '', '', '', '', '25.80', '23.9']
['300', 'PA143BB', 'LAL SHRIMP PASTE SOYB OIL', '', '', '', '1', 'CTNS', '55.00', 'per', 'CTNS', '2.000', '53.90']
['', '', '7 OZ X', '24', '*GACH TOM*', '', '41.00', 'CTNS', '', '', '', '0.000', '41.00']
['', '', '', '', '', '', '', '', '', '', '', '', '12.90', '23.9']
['340', 'UT610', 'TIGER RICE COOKER', '', '', '4 CUP', '5', 'EACH', '90.00', 'per', 'EACH', '0.000', '450.00']
['', '', 'PIECE', '', '', '(JNP-0720)', '80.80', 'EACH', '', '', '', '0.000', '404.00']
['', '', '', '', '', '', '', '', '', '', '', '', '46.00', '10.2']
['', '', '', '', '', '', '', '', '', '', '', '3.00', '10.3']
['660', 'DD099', 'KTT BOT BAP', '', '', '', '1', 'CTNS', '29.00', 'per CTNS', '0.000', '29.00']
['', '', '', '', '', '', '', '', '', '', '', '15.00', '14.0']
['520', 'HM102E', 'PALM CORNED BEEF', '', '*ONION*', '', '1', 'EACH', '107.00', 'per CTNS', '0.000', '107.00']
['', '', '', '', '', '', '', '', '', '', '', '18.02', '27.9']
['470', 'BS111A', 'NARCISSUS ASPARAGUS', '', '*L*', '', '2', 'CTNS', '33.00', 'per CTNS', '2.000', '64.68']
['Invoice', '#:', '769285', 'Invoice date:', '09/25/18', 'Customer: LEE', '#2', 'LEE LEE ORIENTAL MKT INC.', 'Sales rep:', '17']
['', '', '', '', '', '', '', '', '', '', '', '20.00', '9.3']
['520', 'HM102E', 'PALM CORNED BEEF', '', '*ONION*', '', '1', 'EACH', '107.00', 'per CTNS', '0.000', '107.00']
['', '', '11.5 OZ X', '24', '', '', '92.00', 'EACH', '', '', '0.000', '92.00']
['', '', '', '', '', '', '', '', '', '', '', '15.00', '14.0']
['550', 'KS219', 'SK NGU VI HUONG oriental', '', '', '', '1', 'CTNS', '37.00', 'per CTNS', '0.000', '37.00']
['', '', '2z/50B special fiv', '', '', '[G10b]', '33.50', 'CTNS', '', '', '0.000', '33.50']
['', '', '', '', '', '', '', '', '', '', '', '3.50', '9.5']
['660', 'DD099', 'KTT BOT BAP', '', '', '', '1', 'CTNS', '29.00', 'per CTNS', '0.000', '29.00']
['', '', '12 OZ X', '50', '', '', '26.00', 'CTNS', '', '', '0.000', '26.00']
['', '', '', '', '', '', '', '', '', '', '', '3.00', '10.3']
['680', 'UT818', 'TOTAL PALLETS FOR ALL', '', '', '3', '9', 'CTNS', '0.00', 'per CTNS', '0.000', '0.00']
['', '', 'STORES', '', '', '', '5.75', 'CTNS', '', '', '0.000', '51.75']
['', '', '', '', '', '', '', '', '', '', '', '51.75-', '0.0']
['', '', '', '', '', '', '', '', '', 'Invoice totals:', '', '10369.00']
['', '', '', '', '', '', '', '', '', '', '', '8940.69']
['', '', '', '', '', '', '', '', '', '', '', '1428.31', '13.8']
['', '', '', '', '', '', '', '', '', '', '', '2.50', '13.8']
['100', 'FR330I', 'VISOY SUGARLESS SOY MILK', '', '', '1', 'CTNS', '18.10', 'per', 'CTNS', '0.000', '18.10']
['', '', '', '', '', '', '', '', '', '', '', '2.50', '13.8']
['80', 'FR330E', 'VISOY SUGAR CANE DR.', '', '*L*', '1', 'CTNS', '18.10', 'per', 'CTNS', '0.000', '18.10']
['', '', '', '', '', '', '', '', '', '', '', '12.50', '13.8']
['60', 'FR331', 'VISOY FRESH SOY MILK', '', '*L*', '5', 'CTNS', '18.10', 'per', 'CTNS', '0.000', '90.50']
['', '', '', '', '', '', '', '', '', '', '', '4.00', '9.5']
['40', 'WK108', 'WOO KEE FRESH RICE ROLLS', '', '', '20', 'EACH', '2.10', 'per', 'TRAY', '0.000', '42.00']
['', '', '', '', '', '', '', '', '', '', '', '2.00', '9.3']
['20', 'WK103', 'WOO KEE BANH CANH DO', '', '', '20', 'BAGS', '1.08', 'per BAGS', '', '0.000', '21.60']
['Invoice', '#:', '769286', 'Invoice date:', '09/25/18', 'Customer: LEE', '#3', 'LEE LEE ORIENTAL SUPERMKT', 'Sales rep:', '17']
['50', 'WK106', 'WOO KEE FRESH RICE NOODLE', '', '', '20', 'BAGS', '2.20', 'per', 'BAGS', '0.000', '44.00']
['', '', '26 OZ', 'banh uot mong', '', '2.00', 'BAGS', '', '', '', '0.000', '40.00']
['', '', '', '', '', '', '', '', '', '', '', '4.00', '9.1']
['60', 'FR331', 'VISOY FRESH SOY MILK', '', '*L*', '5', 'CTNS', '18.10', 'per', 'CTNS', '0.000', '90.50']
['', '', '64 OZ X', '8 BT', '', '15.60', 'CTNS', '', '', '', '0.000', '78.00']
['', '', '', '', '', '', '', '', '', '', '', '12.50', '13.8']
['70', 'FR330D', 'VISOY CHRYSANTHEMUM DR*L*', '', '', '1', 'CTNS', '18.10', 'per', 'CTNS', '0.000', '18.10']
['', '', '64 OZ X', '8 BT', '', '15.60', 'CTNS', '', '', '', '0.000', '15.60']
['', '', '', '', '', '', '', '', '', '', '', '2.50', '13.8']
['80', 'FR330E', 'VISOY SUGAR CANE DR.', '', '*L*', '1', 'CTNS', '18.10', 'per', 'CTNS', '0.000', '18.10']
['', '', '64 OZ X', '8 BT', '', '15.60', 'CTNS', '', '', '', '0.000', '15.60']
['', '', '', '', '', '', '', '', '', '', '', '2.50', '13.8']
['90', 'FR330', 'VISOY FRESH SOY MILK', '', '*S*', '1', 'CASE', '24.75', 'per', 'CASE', '0.000', '24.75']
['', '', '16 OZ X', '28 BT', '', '21.00', 'CASE', '', '', '', '0.000', '21.00']
['', '', '', '', '', '', '', '', '', '', '', '3.75', '15.2']
['100', 'FR330I', 'VISOY SUGARLESS SOY MILK', '', '', '1', 'CTNS', '18.10', 'per', 'CTNS', '0.000', '18.10']
['', '', '64 OZ X', '8 BT', '*L*', '15.60', 'CTNS', '', '', '', '0.000', '15.60']
['', '', '', '', '', '', '', '', '', '', '', '2.50', '13.8']
['110', 'FR332', 'VISOY FRIED TOFU', '', '', '15', 'EACH', '1.90', 'per', 'EACH', '0.000', '28.50']
['', '', 'EACH', '(dau hu chien)', '', '1.55', 'EACH', '', '', '', '0.000', '23.25']
['', '', '', '', '', '', '', '', '', '', '', '5.25', '18.4']
['', '', '', '', '', '', '', '', '', '', '', '', '', '14.20', '9.4']
['210', 'TH111', '', 'TAYHO FRIED PORK SAUSAGE', '', '', '', '2', 'CTNS', '75.50', 'per', 'CTNS', '0.000', '151.00']
['', '', '', '', '', '', '', '', '', '', '', '', '', '14.00', '10.7']
['190', 'VN102', '', 'VENUS BEEF TENDON BALL', '', '', '', '1', 'CTNS', '131.00', 'per', 'CTNS', '0.000', '131.00']
['', '', '', '', '', '', '', '', '', '', '', '', '', '12.00', '9.4']
['170', 'FR488', '', 'GP BEEF TENDON BALL', '', '', '', '2', 'CTNS', '64.00', 'per', 'CTNS', '0.000', '128.00']
['', '', '', '', '', '', '', '', '', '', '', '', '', '12.00', '9.4']
['150', 'FR487', '', 'GP BEEF MEAT BALL', '', '', '*', '2', 'CTNS', '64.00', 'per', 'CTNS', '0.000', '128.00']
['', '', '', '', '', '', '', '', '', '', '', '', '', '12.00', '9.1']
['130', 'FR350', '', 'BMK MEAT BALL', '', '', '', '2', 'CTNS', '66.00', 'per CTNS', '', '0.000', '132.00']
['Invoice', '#:', '769286', 'Invoice date:', '09/25/18', 'Customer: LEE', '#3', 'LEE LEE ORIENTAL SUPERMKT', 'Sales rep:', '17']
['160', 'FR488A', '', 'GP BO VIEN GAN', '', '', '*JUMBO*', '5', 'CTNS', '75.00', 'per', 'CTNS', '0.000', '375.00']
['', '', '', '4.25 LBS X', '', '4 BAG', '', '68.00', 'CTNS', '', '', '', '0.000', '340.00']
['', '', '', '', '', '', '', '', '', '', '', '', '', '35.00', '9.3']
['170', 'FR488', '', 'GP BEEF TENDON BALL', '', '', '', '2', 'CTNS', '64.00', 'per', 'CTNS', '0.000', '128.00']
['', '', '', '11 OZ X', '20', 'bo vien gan', '', '58.00', 'CTNS', '', '', '', '0.000', '116.00']
['', '', '', '', '', '', '', '', '', '', '', '', '', '12.00', '9.4']
['180', 'VN101', '', 'VENUS BEEF MEAT BALL', '', '', '', '1', 'CTNS', '127.00', 'per', 'CTNS', '0.000', '127.00']
['', '', '', '8 OZ. X', '60 BAGS', '', '#202', '113.40', 'CTNS', '', '', '', '0.000', '113.40']
['', '', '', '', '', '', '', '', '', '', '', '', '', '13.60', '10.7']
['190', 'VN102', '', 'VENUS BEEF TENDON BALL', '', '', '', '1', 'CTNS', '131.00', 'per', 'CTNS', '0.000', '131.00']
['', '', '', '12 OZ. X', '40 BAGS', '', '#204', '117.00', 'CTNS', '', '', '', '0.000', '117.00']
['', '', '', '', '', '', '', '', '', '', '', '', '', '14.00', '10.7']
['200', 'TH099', '', 'TAYHO CHA LUA VIETNAM', '', '', '', '2', 'CTNS', '69.00', 'per', 'CTNS', '0.000', '138.00']
['', '', '', '14 OZ X', '24 BAGS', '', '', '62.40', 'CTNS', '', '', '', '0.000', '124.80']
['', '', '', '', '', '', '', '', '', '', '', '', '', '13.20', '9.6']
['210', 'TH111', '', 'TAYHO FRIED PORK SAUSAGE', '', '', '', '2', 'CTNS', '75.50', 'per', 'CTNS', '0.000', '151.00']
['', '', '', '10 OZ X', '', '24 (doi xa chien)', '', '68.40', 'CTNS', '', '', '', '0.000', '136.80']
['', '', '', '', '', '', '', '', '', '', '', '', '', '14.20', '9.4']
['220', 'FD105B', '', 'FOCO ROAST. COCONUT JUICE', '', '', '', '20', 'CTNS', '14.75', 'per', 'CTNS', '2.000', '289.10']
['', '', '', '11.8 OZ X', '', '24 CANcrv2', '', '11.50', 'CTNS', '', '', '', '0.000', '230.00']
['', '', '', '', '', '', '', '', '', '', '', '', '', '59.10', '20.4']
['', '', '', '', '', '', '', '', '', '', '', '4.00', '12.9']
['320', 'NO325', 'UDON SPICY FLAVOR', '', '', '2', 'CTNS', '15.50', 'per', 'CTNS', '0.000', '31.00']
['', '', '', '', '', '', '', '', '', '', '', '4.00', '12.9']
['300', 'NO323', 'UDON ORIENTAL FLAVOR', '', '', '2', 'CTNS', '15.50', 'per', 'CTNS', '0.000', '31.00']
['', '', '', '', '', '', '', '', '', '', '', '4.00', '12.9']
['280', 'NO321', 'UDON BEEF FLAVOR', '', '', '2', 'CTNS', '15.50', 'per', 'CTNS', '0.000', '31.00']
['', '', '', '', '', '', '', '', '', '', '', '20.00', '9.5']
['260', 'FD192', 'MLS COCONUT SAGO DESSERT', '', '', '10', 'CTNS', '21.00', 'per', 'CTNS', '0.000', '210.00']
['', '', '', '', '', '', '', '', '', '', '', '30.98-', '0.0']
['240', 'FD105C', 'FOCO ROAST. COCONUT JUICE', '', '', '2', 'CTNS', '0.00', 'per CTNS', '', '0.000', '0.00']
['Invoice', '#:', '769286', 'Invoice date:', '09/25/18', 'Customer: LEE', '#3', 'LEE LEE ORIENTAL SUPERMKT', 'Sales rep:', '17']
['270', 'NO320', 'UDON CHICKEN FLAVOR', '', '', '2', 'CTNS', '15.50', 'per', 'CTNS', '0.000', '31.00']
['', '', '7 OZ X', '30 BAGS', 'CHIKARA', '13.50', 'CTNS', '', '', '', '0.000', '27.00']
['', '', '', '', '', '', '', '', '', '', '', '4.00', '12.9']
['280', 'NO321', 'UDON BEEF FLAVOR', '', '', '2', 'CTNS', '15.50', 'per', 'CTNS', '0.000', '31.00']
['', '', '7 OZ X', '30 BAGS', 'CHIKARA', '13.50', 'CTNS', '', '', '', '0.000', '27.00']
['', '', '', '', '', '', '', '', '', '', '', '4.00', '12.9']
['290', 'NO322', 'UDON MUSHROOM FLAVOR', '', '', '2', 'CTNS', '15.50', 'per', 'CTNS', '0.000', '31.00']
['', '', '7.25 OZ X', '30 BAGS CHIKARA', '', '13.50', 'CTNS', '', '', '', '0.000', '27.00']
['', '', '', '', '', '', '', '', '', '', '', '4.00', '12.9']
['300', 'NO323', 'UDON ORIENTAL FLAVOR', '', '', '2', 'CTNS', '15.50', 'per', 'CTNS', '0.000', '31.00']
['', '', '7.25 OZ X', '30 BAGS CHIKARA', '', '13.50', 'CTNS', '', '', '', '0.000', '27.00']
['', '', '', '', '', '', '', '', '', '', '', '4.00', '12.9']
['310', 'NO324', 'UDON SHRIMP FLAVOR', '', '', '2', 'CTNS', '15.50', 'per', 'CTNS', '0.000', '31.00']
['', '', '7 OZ X', '30 BAGS', 'CHIKARA', '13.50', 'CTNS', '', '', '', '0.000', '27.00']
['', '', '', '', '', '', '', '', '', '', '', '4.00', '12.9']
['320', 'NO325', 'UDON SPICY FLAVOR', '', '', '2', 'CTNS', '15.50', 'per', 'CTNS', '0.000', '31.00']
['', '', '7.25 OZ X', '30 BAG', 'CHIKARA', '13.50', 'CTNS', '', '', '', '0.000', '27.00']
['', '', '', '', '', '', '', '', '', '', '', '4.00', '12.9']
['350', 'BS160', 'LAL BBS TIP', '*LARGE*', '42OZ', '2', 'CTNS', '28.00', 'per', 'CTNS', '2.000', '54.88']
['', '', '42 OZ X', '12 LONG CAN', '[A39]', '24.09', 'CTNS', '', '', '', '0.000', '48.18']
['', '', '', '', '', '', '', '', '', '', '', '6.70', '12.2']
['', '', '', '', '', '', '', '', '', '', '', '', '3.00', '10.0']
['490', 'DD104', 'KTT GV BO KHO', '', '', '*STEW SPICE', '1', 'CTNS', '30.00', 'per', 'CTNS', '0.000', '30.00']
['', '', '', '', '', '', '', '', '', '', '', '', '3.00', '9.5']
['460', 'CV133', 'FU CHUNG BEAN SOY SAUCE', '', '', '', '1', 'CTNS', '31.50', 'per', 'CTNS', '0.000', '31.50']
['', '', '', '', '', '', '', '', '', '', '', '', '16.04', '8.3']
['440', 'COF130', 'CAFE DU MONDE', '', '', '', '2', 'CTNS', '99.00', 'per', 'CTNS', '2.000', '194.04']
['', '', '', '', '', '', '', '', '', '', '', '', '9.00', '13.0']
['420', 'CF250', 'CHAOKOH COCONUT GEL', '', '', '', '3', 'CTNS', '23.00', 'per', 'CTNS', '0.000', '69.00']
['', '', '', '', '', '', '', '', '', '', '', '', '11.36', '29.7']
['390', 'CF145A', 'CHOW-Q MUNG BEANS', '', '', '*RED*', '1', 'CTNS', '39.00', 'per CTNS', '', '2.000', '38.22']
['Invoice', '#:', '769286', 'Invoice date:', '09/25/18', 'Customer: LEE', '#3', 'LEE LEE ORIENTAL SUPERMKT', 'Sales rep:', '17']
['430', 'CO140', "AMAY'S ALMOND COOKIES", '', '', '', '2', 'CTNS', '34.00', 'per', 'CTNS', '0.000', '68.00']
['', '', '13OZ/16/24 TRAY PACK[I46]', '', '', '', '29.65', 'CTNS', '', '', '', '0.000', '59.30']
['', '', '', '', '', '', '', '', '', '', '', '', '8.70', '12.8']
['440', 'COF130', 'CAFE DU MONDE', '', '', '', '2', 'CTNS', '99.00', 'per', 'CTNS', '2.000', '194.04']
['', '', '15 OZ X', '24 CANS', '', '[D31]', '89.00', 'CTNS', '', '', '', '0.000', '178.00']
['', '', '', '', '', '', '', '', '', '', '', '', '16.04', '8.3']
['450', 'CP100', 'COMP. RED BEAN PASTE', '', '', '', '1', 'CTNS', '44.00', 'per', 'CTNS', '0.000', '44.00']
['', '', '18 OZ X', '24', '#10185', '[G35]', '38.95', 'CTNS', '', '', '', '0.000', '38.95']
['', '', '', '', '', '', '', '', '', '', '', '', '5.05', '11.5']
['460', 'CV133', 'FU CHUNG BEAN SOY SAUCE', '', '', '', '1', 'CTNS', '31.50', 'per', 'CTNS', '0.000', '31.50']
['', '', '8.8 OZ/36 JAR', '', 'RED', '[H18]', '28.50', 'CTNS', '', '', '', '0.000', '28.50']
['', '', '', '', '', '', '', '', '', '', '', '', '3.00', '9.5']
['480', 'CV143', 'AFC HOT BEANCURD', '', '', '10.6 OZ', '2', 'CTNS', '43.00', 'per', 'CTNS', '0.000', '86.00']
['', '', '10.6 OZ X', '', '24 JARS', '[H15]', '38.50', 'CTNS', '', '', '', '0.000', '77.00']
['', '', '', '', '', '', '', '', '', '', '', '', '9.00', '10.5']
['490', 'DD104', 'KTT GV BO KHO', '', '', '*STEW SPICE', '1', 'CTNS', '30.00', 'per', 'CTNS', '0.000', '30.00']
['', '', '2 OZ X', '50 BAGS MIX', '', 'A-22', '27.00', 'CTNS', '', '', '', '0.000', '27.00']
['', '', '', '', '', '', '', '', '', '', '', '', '3.00', '10.0']
['520', 'DD156', 'MIKKO BOT BANH XEO', '', '', '40BAG', '2', 'CTNS', '38.00', 'per', 'CTNS', '2.000', '74.48']
['', '', '17.63 OZ/40 BAGS', '', '', '', '28.35', 'CTNS', '', '', '', '0.000', '56.70']
['', '', '', '', '', '', '', '', '', '', '', '', '17.78', '23.9']
['', '', '', '', '', '', '', '', '', '', '', '3.75', '10.0']
['650', 'KS218', 'SK TOM RANG MUOI spice', '', '', '1', 'CTNS', '37.50', 'per', 'CTNS', '0.000', '37.50']
['', '', '', '', '', '', '', '', '', '', '', '6.50', '9.7']
['630', 'KS211', 'SK THINH SAIGON roasted', '', '3', '1', 'CTNS', '67.00', 'per', 'CTNS', '0.000', '67.00']
['', '', '', '', '', '', '', '', '', '', '', '3.25', '9.6']
['610', 'KS203', 'SK HOT DIEU MAU whole', '', '', '1', 'CTNS', '34.00', 'per', 'CTNS', '0.000', '34.00']
['', '', '', '', '', '', '', '', '', '', '', '3.25', '10.0']
['590', 'KS101', 'SK BOT BANH BOT LOC', '', '*wet', '1', 'CTNS', '32.50', 'per', 'CTNS', '0.000', '32.50']
['', '', '', '', '', '', '', '', '', '', '', '14.00', '11.3']
['560', 'DV159', 'GREEN SWALLOW WAN YEE', '', '*', '2', 'CTNS', '62.00', 'per CTNS', '', '0.000', '124.00']
['Invoice', '#:', '769286', 'Invoice date:', '09/25/18', 'Customer: LEE', '#3', 'LEE LEE ORIENTAL SUPERMKT', 'Sales rep:', '17']
['600', 'KS106', 'SK BOT BANH BEO', '', '*steamed', '1', 'CTNS', '36.00', 'per', 'CTNS', '0.000', '36.00']
['', '', '12OZ/45BG rice cake', '', '*07', '32.50', 'CTNS', '', '', '', '0.000', '32.50']
['', '', '', '', '', '', '', '', '', '', '', '3.50', '9.7']
['610', 'KS203', 'SK HOT DIEU MAU whole', '', '', '1', 'CTNS', '34.00', 'per', 'CTNS', '0.000', '34.00']
['', '', '2z/50B annatto seed', '', 'G9b', '30.75', 'CTNS', '', '', '', '0.000', '30.75']
['', '', '', '', '', '', '', '', '', '', '', '3.25', '9.6']
['620', 'KS204', 'SK LA THOM', '', 'whole bay', '1', 'CTNS', '32.00', 'per', 'CTNS', '0.000', '32.00']
['', '', '.5 OZ X', '50 BAG', 'leave', '28.75', 'CTNS', '', '', '', '0.000', '28.75']
['', '', '', '', '', '', '', '', '', '', '', '3.25', '10.2']
['630', 'KS211', 'SK THINH SAIGON roasted', '', '3', '1', 'CTNS', '67.00', 'per', 'CTNS', '0.000', '67.00']
['', '', '3z/100B rice powder', '', '[G10B', '60.50', 'CTNS', '', '', '', '0.000', '60.50']
['', '', '', '', '', '', '', '', '', '', '', '6.50', '9.7']
['640', 'KS212', 'SK GIA VI THIT & CA KHO', '', '', '1', 'CTNS', '34.00', 'per', 'CTNS', '0.000', '34.00']
['', '', '2z/50 BG spice fish', '', '[G6b]', '30.75', 'CTNS', '', '', '', '0.000', '30.75']
['', '', '', '', '', '', '', '', '', '', '', '3.25', '9.6']
['650', 'KS218', 'SK TOM RANG MUOI spice', '', '', '1', 'CTNS', '37.50', 'per', 'CTNS', '0.000', '37.50']
['', '', '3z/50B salt shrimp', '', '[G12b]', '33.75', 'CTNS', '', '', '', '0.000', '33.75']
['', '', '', '', '', '', '', '', '', '', '', '3.75', '10.0']
['660', 'KS219', 'SK NGU VI HUONG oriental', '', '', '1', 'CTNS', '37.00', 'per', 'CTNS', '0.000', '37.00']
['', '', '2z/50B special fiv', '', '[G10b]', '33.50', 'CTNS', '', '', '', '0.000', '33.50']
['', '', '', '', '', '', '', '', '', '', '', '3.50', '9.5']
['', '', '', '', '', '', '', '', '', '', '', '', '11.46', '17.4']
['800', 'PW231D', 'KNORR PORK BOUILLO MIX', '', '', '', '3', 'BOX', '22.00', 'per', 'BOX', '0.000', '66.00']
['', '', '', '', '', '', '', '', '', '', '', '', '5.00', '11.9']
['760', 'PA184', 'MAE PLOY MASMAN CURRY', '', '', '', '1', 'CTNS', '42.00', 'per', 'CTNS', '0.000', '42.00']
['', '', '', '', '', '', '', '', '', '', '', '', '5.00', '11.9']
['730', 'PA181', 'MAE PLOY YELLOW CURRY', '', '', '', '1', 'CTNS', '42.00', 'per', 'CTNS', '0.000', '42.00']
['', '', '', '', '', '', '', '', '', '', '', '', '9.43', '15.4']
['710', 'PA140', 'PANTAI CHILI PASTE', '', '', '17.6OZ', '1', 'CTNS', '62.00', 'per', 'CTNS', '1.000', '61.38']
['', '', '', '', '', '', '', '', '', '', '', '', '16.38', '39.8']
['690', 'MU103A', 'LUCKY STRAW PEELED', '', '', '*L*', '1', 'CTNS', '42.00', 'per CTNS', '', '2.000', '41.16']
['Invoice', '#:', '769286', 'Invoice date:', '09/25/18', 'Customer: LEE', '#3', 'LEE LEE ORIENTAL SUPERMKT', 'Sales rep:', '17']
['720', 'PA180', 'MAE PLOY RED CURRY', '', '', '14oz', '1', 'CTNS', '42.00', 'per', 'CTNS', '0.000', '42.00']
['', '', '14 OZ X', '24', '', '[H3]', '37.00', 'CTNS', '', '', '', '0.000', '37.00']
['', '', '', '', '', '', '', '', '', '', '', '', '5.00', '11.9']
['730', 'PA181', 'MAE PLOY YELLOW CURRY', '', '', '', '1', 'CTNS', '42.00', 'per', 'CTNS', '0.000', '42.00']
['', '', '14 OZ X', '24', 'PASTE', '[H1]', '37.00', 'CTNS', '', '', '', '0.000', '37.00']
['', '', '', '', '', '', '', '', '', '', '', '', '5.00', '11.9']
['750', 'PA183', 'MAE PLOY GREEN CURRY', '', '', '14oz', '1', 'CTNS', '42.00', 'per', 'CTNS', '0.000', '42.00']
['', '', '14 OZ X', '24', 'PASTE', '[H3]', '37.00', 'CTNS', '', '', '', '0.000', '37.00']
['', '', '', '', '', '', '', '', '', '', '', '', '5.00', '11.9']
['760', 'PA184', 'MAE PLOY MASMAN CURRY', '', '', '', '1', 'CTNS', '42.00', 'per', 'CTNS', '0.000', '42.00']
['', '', '14 OZ X', '24', 'PASTE', '[H2]', '37.00', 'CTNS', '', '', '', '0.000', '37.00']
['', '', '', '', '', '', '', '', '', '', '', '', '5.00', '11.9']
['790', 'PA202', 'POR KWAN TOM YUM PASTE-L-', '', '', '', '2', 'CTNS', '60.00', 'per', 'CTNS', '2.000', '117.60']
['', '', '16 OZ X', '24', '', '', '41.43', 'CTNS', '', '', '', '0.000', '82.86']
['', '', '', '', '', '', '', '', '', '', '', '', '34.74', '29.5']
['800', 'PW231D', 'KNORR PORK BOUILLO MIX', '', '', '', '3', 'BOX', '22.00', 'per', 'BOX', '0.000', '66.00']
['', '', '2.5 OZ X', '24 BOX', '', 'BLUE', '18.18', 'BOX', '', '', '', '0.000', '54.54']
['', '', '', '', '', '', '', '', '', '', '', '', '11.46', '17.4']
['830', 'SS190F', 'MAGGI SOYSAUCE VN', '', '', '*CHILI*', '2', 'CTNS', '21.00', 'per', 'CTNS', '2.000', '41.16']
['', '', '200ML X', '24 BT', '', '', '12.00', 'CTNS', '', '', '', '0.000', '24.00']
['', '', '', '', '', '', '', '', '', '', '', '', '17.16', '41.7']
['', '', '', '', '', '', '', '', '', '', '', '20.00', '9.3']
['60', 'HL104', 'OX & PALM CORNED BEEF', '', '*L*', '2', 'CTNS', '108.00', 'per', 'CTNS', '0.000', '216.00']
['', '', '', '', '', '', '', '', '', '', '', '25.80', '23.9']
['970', 'PA143AA', 'LAL CRAB PASTE W SOYB OIL', '', '', '2', 'CTNS', '55.00', 'per', 'CTNS', '2.000', '107.80']
['', '', '', '', '', '', '', '', '', '', '', '13.60', '11.3']
['920', 'FD158A', 'PHI CALAMANSI DRINK', '', '', '8', 'CTNS', '15.00', 'per', 'CTNS', '0.000', '120.00']
['', '', '', '', '', '', '', '', '', '', '', '17.50', '11.7']
['900', 'FD119B', 'CARBONATED MELON SODA', '', '', '5', 'CTN', '30.00', 'per', 'CTN', '0.000', '150.00']
['', '', '', '', '', '', '', '', '', '', '', '6.00', '10.3']
['850', 'DD099', 'KTT BOT BAP', '', '', '2', 'CTNS', '29.00', 'per CTNS', '', '0.000', '58.00']
['Invoice', '#:', '769286', 'Invoice date:', '09/25/18', 'Customer: LEE', '#3', 'LEE LEE ORIENTAL SUPERMKT', 'Sales rep:', '17']
['910', 'FD158', 'PHI MANGO NECTAR DRINK', '', '', '10', 'CTNS', '16.00', 'per', 'CTNS', '0.000', '160.00']
['', '', '8.4 OZ X', '24 CANS', 'CRV002', '14.50', 'CTNS', '', '', '', '0.000', '145.00']
['', '', '', '', '', '', '', '', '', '', '', '15.00', '9.4']
['920', 'FD158A', 'PHI CALAMANSI DRINK', '', '', '8', 'CTNS', '15.00', 'per', 'CTNS', '0.000', '120.00']
['', '', '8.4 OZ X', '24 CANS', '', '13.30', 'CTNS', '', '', '', '0.000', '106.40']
['', '', '', '', '', '', '', '', '', '', '', '13.60', '11.3']
['950', 'CF118', 'KAMAYAN SALTED SHRIMP FRY', '', '', '2', 'CTNS', '53.00', 'per', 'CTNS', '0.000', '106.00']
['', '', '12 OZ X', '24 JAR (uncooked)', '', '48.00', 'CTNS', '', '', '', '0.000', '96.00']
['', '', '', '', '', '', '', '', '', '', '', '10.00', '9.4']
['970', 'PA143AA', 'LAL CRAB PASTE W SOYB OIL', '', '', '2', 'CTNS', '55.00', 'per', 'CTNS', '2.000', '107.80']
['', '', '7 OZ X', '24 JARS', '', '41.00', 'CTNS', '', '', '', '0.000', '82.00']
['', '', '', '', '', '', '', '', '', '', '', '25.80', '23.9']
['980', 'PA143BB', 'LAL SHRIMP PASTE SOYB OIL', '', '', '1', 'CTNS', '55.00', 'per', 'CTNS', '2.000', '53.90']
['', '', '7 OZ X', '24', '*GACH TOM*', '41.00', 'CTNS', '', '', '', '0.000', '41.00']
['', '', '', '', '', '', '', '', '', '', '', '12.90', '23.9']
['60', 'HL104', 'OX & PALM CORNED BEEF', '', '*L*', '2', 'CTNS', '108.00', 'per', 'CTNS', '0.000', '216.00']
['', '', '15 OZ X', '24', 'CHUNKY', '98.00', 'CTNS', '', '', '', '0.000', '196.00']
['', '', '', '', '', '', '', '', '', '', '', '20.00', '9.3']
['70', 'HM108', 'OX & PALM COOKED HAM', '', '', '2', 'CTNS', '85.00', 'per', 'CTNS', '0.000', '170.00']
['', '', '16 OZ X', '24 CAN', '', '71.00', 'CTNS', '', '', '', '0.000', '142.00']
['', '', '', '', '', '', '', '', '', '', '', '28.00', '16.5']
['Invoice', '#:', '769286', 'Invoice date:', '09/25/18', 'Customer: LEE', '#3', 'LEE LEE ORIENTAL SUPERMKT', 'Sales rep:', '17']
['Seq# Item/Svc', '#', 'Description-1', 'Qty-shipped', 'Unit price', 'Lin-disc%', 'Ext-price']
['', '', 'Description-2', 'Unit cost', '', 'Ord-disc%', 'Ext-cost']
['', '', '', '', '', '', 'Gross-margin', 'Margin-%']
['', '', '', '', '', 'Invoice totals:', '7399.41']
['', '', '', '', '', '', '6439.24']
['', '', '', '', '', '', '960.17', '13.0']
['', '', '', '', '', '', '', '', '', '', '', '2.50', '13.8']
['100', 'FR330I', 'VISOY SUGARLESS SOY MILK', '', '', '1', 'CTNS', '18.10', 'per', 'CTNS', '0.000', '18.10']
['', '', '', '', '', '', '', '', '', '', '', '2.50', '13.8']
['80', 'FR330E', 'VISOY SUGAR CANE DR.', '', '*L*', '1', 'CTNS', '18.10', 'per', 'CTNS', '0.000', '18.10']
['', '', '', '', '', '', '', '', '', '', '', '7.50', '13.8']
['60', 'FR331', 'VISOY FRESH SOY MILK', '', '*L*', '3', 'CTNS', '18.10', 'per', 'CTNS', '0.000', '54.30']
['', '', '', '', '', '', '', '', '', '', '', '4.00', '9.5']
['40', 'WK108', 'WOO KEE FRESH RICE ROLLS', '', '', '20', 'EACH', '2.10', 'per', 'TRAY', '0.000', '42.00']
['', '', '', '', '', '', '', '', '', '', '', '2.00', '9.3']
['20', 'WK103', 'WOO KEE BANH CANH DO', '', '', '20', 'BAGS', '1.08', 'per BAGS', '', '0.000', '21.60']
['Invoice', '#:', '769287', 'Invoice date:', '09/25/18', 'Customer: LEE', '#4', 'LEE LEE MARKET (TUCSON)', 'Sales rep:', '17']
['50', 'WK106', 'WOO KEE FRESH RICE NOODLE', '', '', '20', 'BAGS', '2.20', 'per', 'BAGS', '0.000', '44.00']
['', '', '26 OZ', 'banh uot mong', '', '2.00', 'BAGS', '', '', '', '0.000', '40.00']
['', '', '', '', '', '', '', '', '', '', '', '4.00', '9.1']
['60', 'FR331', 'VISOY FRESH SOY MILK', '', '*L*', '3', 'CTNS', '18.10', 'per', 'CTNS', '0.000', '54.30']
['', '', '64 OZ X', '8 BT', '', '15.60', 'CTNS', '', '', '', '0.000', '46.80']
['', '', '', '', '', '', '', '', '', '', '', '7.50', '13.8']
['70', 'FR330D', 'VISOY CHRYSANTHEMUM DR*L*', '', '', '2', 'CTNS', '18.10', 'per', 'CTNS', '0.000', '36.20']
['', '', '64 OZ X', '8 BT', '', '15.60', 'CTNS', '', '', '', '0.000', '31.20']
['', '', '', '', '', '', '', '', '', '', '', '5.00', '13.8']
['80', 'FR330E', 'VISOY SUGAR CANE DR.', '', '*L*', '1', 'CTNS', '18.10', 'per', 'CTNS', '0.000', '18.10']
['', '', '64 OZ X', '8 BT', '', '15.60', 'CTNS', '', '', '', '0.000', '15.60']
['', '', '', '', '', '', '', '', '', '', '', '2.50', '13.8']
['90', 'FR330F', 'VISOY HERB TEA', '', '*L*', '2', 'CTNS', '18.10', 'per', 'CTNS', '0.000', '36.20']
['', '', '64 OZ X', '8 BT', '', '15.60', 'CTNS', '', '', '', '0.000', '31.20']
['', '', '', '', '', '', '', '', '', '', '', '5.00', '13.8']
['100', 'FR330I', 'VISOY SUGARLESS SOY MILK', '', '', '1', 'CTNS', '18.10', 'per', 'CTNS', '0.000', '18.10']
['', '', '64 OZ X', '8 BT', '*L*', '15.60', 'CTNS', '', '', '', '0.000', '15.60']
['', '', '', '', '', '', '', '', '', '', '', '2.50', '13.8']
['110', 'FR332', 'VISOY FRIED TOFU', '', '', '15', 'EACH', '1.90', 'per', 'EACH', '0.000', '28.50']
['', '', 'EACH', '(dau hu chien)', '', '1.55', 'EACH', '', '', '', '0.000', '23.25']
['', '', '', '', '', '', '', '', '', '', '', '5.25', '18.4']
['', '', '', '', '', '', '', '', '', '', '', '2.50', '10.2']
['570', 'VI131', '', 'KC SWEETEND BLACK VINEGAR', '', '', '1', 'CTNS', '24.50', 'per CTNS', '0.000', '24.50']
['', '', '', '', '', '', '', '', '', '', '', '6.40', '10.0']
['150', 'FR485', '', 'GP FRESH LADY FISH PASTE', '', '', '1', 'CTNS', '64.00', 'per CTNS', '0.000', '64.00']
['', '', '', '', '', '', '', '', '', '', '', '100.50', '14.6']
['130', 'FR385', '', 'MENLO SPRING ROLL WRAPPER', '', '', '30', 'CTNS', '23.00', 'per CTNS', '0.000', '690.00']
['Invoice', '#:', '769287', 'Invoice date:', '09/25/18', 'Customer: LEE', '#4', 'LEE LEE MARKET (TUCSON)', 'Sales rep:', '17']
['140', 'FR480', '', 'GP FISH BALL', '(CA VIEN)', '', '2', 'CTNS', '55.00', 'per CTNS', '0.000', '110.00']
['', '', '', '11 OZ X', '20 BAGS', '', '49.60', 'CTNS', '', '', '0.000', '99.20']
['', '', '', '', '', '', '', '', '', '', '', '10.80', '9.8']
['150', 'FR485', '', 'GP FRESH LADY FISH PASTE', '', '', '1', 'CTNS', '64.00', 'per CTNS', '0.000', '64.00']
['', '', '', '11 OZ X', '18 CUP', 'cha ca', '57.60', 'CTNS', '', '', '0.000', '57.60']
['', '', '', '', '', '', '', '', '', '', '', '6.40', '10.0']
['160', 'TH111', '', 'TAYHO FRIED PORK SAUSAGE', '', '', '1', 'CTNS', '75.50', 'per CTNS', '0.000', '75.50']
['', '', '', '10 OZ X', '24 (doi xa chien)', '', '68.40', 'CTNS', '', '', '0.000', '68.40']
['', '', '', '', '', '', '', '', '', '', '', '7.10', '9.4']
['570', 'VI131', '', 'KC SWEETEND BLACK VINEGAR', '', '', '1', 'CTNS', '24.50', 'per CTNS', '0.000', '24.50']
['', '', '', '16.9 OZ X', '12 BT', '', '22.00', 'CTNS', '', '', '0.000', '22.00']
['', '', '', '', '', '', '', '', '', '', '', '2.50', '10.2']
['', '', '', '', '', '', '', '', '', 'Invoice totals:', '', '1411.20']
['', '', '', '', '', '', '', '', '', '', '', '1222.15']
['', '', '', '', '', '', '', '', '', '', '', '189.05', '13.4']
['', '', '', '', '', '', '', '', '', '', '', '', '10.20', '10.0']
['80', 'BR130', 'QUOC VIET LAU THAI LAN', '', '', '', '1', 'CTNS', '102.00', 'per', 'CTNS', '0.000', '102.00']
['', '', '', '', '', '', '', '', '', '', '', '', '9.47', '27.1']
['60', 'BR111', 'LAL TOMYUM KUNG SOUP', '', '', '', '1', 'CTNS', '35.00', 'per', 'CTNS', '0.000', '35.00']
['', '', '', '', '', '', '', '', '', '', '', '', '18.50', '38.5']
['40', 'BN100', 'VINA NGU COC NUTRITION', '', '', '', '1', 'CTNS', '48.00', 'per', 'CTNS', '0.000', '48.00']
['', '', '', '', '', '', '', '', '', '', '', '', '64.40', '23.9']
['14', 'SS107E', 'CJ KALBI RIB SAUCE', '', '*L*', '', '10', 'CTNS', '27.00', 'per', 'CTNS', '0.000', '270.00']
['', '', '', '', '', '', '', '', '', '', '', '', '20.00', '10.0']
['11', 'PW132A', 'CHA BB POWDER COCONUT', '', '', '', '1', 'CTNS', '200.00', 'per CTNS', '', '0.000', '200.00']
['Invoice', '#:', '769288', 'Invoice date:', '09/24/18', 'Customer: ASI', 'ASIAN MARKET', '', 'Sales rep:', '7']
['15', 'SS107E', 'CJ KALBI RIB SAUCE', '', '*L*', '', '1', 'CTNS', '0.00', 'per', 'CTNS', '0.000', '0.00']
['', '', '840 GM X', '8', '10+1', '', '20.56', 'CTNS', '', '', '', '0.000', '20.56']
['', '', '', '', '', '', '', '', '', '', '', '', '20.56-', '0.0']
['40', 'BN100', 'VINA NGU COC NUTRITION', '', '', '', '1', 'CTNS', '48.00', 'per', 'CTNS', '0.000', '48.00']
['', '', '500GR X', '14bg', 'CEREAL', '5+1', '29.50', 'CTNS', '', '', '', '0.000', '29.50']
['', '', '', '', '', '', '', '', '', '', '', '', '18.50', '38.5']
['50', 'BN104', 'WOR FUNG SOY BEAN', '', '', '', '1', 'CTNS', '25.50', 'per', 'CTNS', '0.000', '25.50']
['', '', '12 OZ X', '50 BAGS', '', '[H9]', '23.00', 'CTNS', '', '', '', '0.000', '23.00']
['', '', '', '', '', '', '', '', '', '', '', '', '2.50', '9.8']
['60', 'BR111', 'LAL TOMYUM KUNG SOUP', '', '', '', '1', 'CTNS', '35.00', 'per', 'CTNS', '0.000', '35.00']
['', '', '28 OZ X', '24 CAN', '', '', '25.53', 'CTNS', '', '', '', '0.000', '25.53']
['', '', '', '', '', '', '', '', '', '', '', '', '9.47', '27.1']
['70', 'BR115A', 'NEW CHOICE CHICKEN NO MSG', '', '', '', '3', 'CTNS', '5.80', 'per', 'CTNS', '0.000', '17.40']
['', '', '14 OZ X', '12 CANS', '', 'BROTH', '5.20', 'CTNS', '', '', '', '0.000', '15.60']
['', '', '', '', '', '', '', '', '', '', '', '', '1.80', '10.3']
['80', 'BR130', 'QUOC VIET LAU THAI LAN', '', '', '', '1', 'CTNS', '102.00', 'per', 'CTNS', '0.000', '102.00']
['', '', '10 OZ X', '24 JARS', '', '#16', '91.80', 'CTNS', '', '', '', '0.000', '91.80']
['', '', '', '', '', '', '', '', '', '', '', '', '10.20', '10.0']
['90', 'BS111A', 'NARCISSUS ASPARAGUS', '', '', '*L*', '1', 'CTNS', '33.00', 'per', 'CTNS', '0.000', '33.00']
['', '', '28.5OZ X', '12 *L CROWN', '', '10+2', '23.33', 'CTNS', '', '', '', '0.000', '23.33']
['', '', '', '', '', '', '', '', '', '', '', '', '9.67', '29.3']
['', '', '', '', '', '', '', '', '', '', '', '', '', '5.00', '19.2']
['240', 'CW120', 'SHAO HSING COOKING WINE', '', '', '', '', '2', 'CTNS', '13.00', 'per', 'CTNS', '0.000', '26.00']
['', '', '', '', '', '', '', '', '', '', '', '', '', '4.00', '10.8']
['190', 'CO280A', 'LAYER CAKE SBERRY', '', '', '', '', '1', 'CTNS', '37.00', 'per', 'CTNS', '0.000', '37.00']
['', '', '', '', '', '', '', '', '', '', '', '', '', '3.00', '10.7']
['170', 'CO158A', 'HELLO KITTY STRAWBERRY', '', '', '1', 'CTNS', '28.00', 'per', 'CTNS', '0.000', '28.00']
['', '', '', '', '', '', '', '', '', '', '', '3.50', '15.9']
['150', 'CI240', 'LKK CHILI OIL', '', '', '1', 'CTNS', '22.00', 'per', 'CTNS', '0.000', '22.00']
['', '', '', '', '', '', '', '', '', '', '', '9.00', '18.8']
['110', 'CC113', 'AROY-D UHT COCONUT CREAM', '', '', '2', 'CTNS', '24.00', 'per CTNS', '', '0.000', '48.00']
['Invoice', '#:', '769288', 'Invoice date:', '09/24/18', 'Customer: ASI', 'ASIAN MARKET', '', 'Sales rep:', '7']
['160', 'CO101', '99 EGG YOLK CREAM BISCUIT', '', '', '2', 'CTNS', '15.50', 'per', 'CTNS', '0.000', '31.00']
['', '', '6.35 OZ X', '12 BAG', '[I45]', '13.50', 'CTNS', '', '', '', '0.000', '27.00']
['', '', '', '', '', '', '', '', '', '', '', '4.00', '12.9']
['170', 'CO158A', 'HELLO KITTY STRAWBERRY', '', '', '1', 'CTNS', '28.00', 'per', 'CTNS', '0.000', '28.00']
['', '', '1.76 OZ X', '', '48 CUP BISCUITS', '', '', '25.00', 'CTNS', '', '', '', '0.000', '25.00']
['', '', '', '', '', '', '', '', '', '', '', '', '', '3.00', '10.7']
['180', 'CO158B', 'HELLO KITTY CHOCOLATE', '', '', '', '', '1', 'CTNS', '28.00', 'per', 'CTNS', '0.000', '28.00']
['', '', '1.76 OZ X', '', '48 CUP BISCUITS', '', '', '25.00', 'CTNS', '', '', '', '0.000', '25.00']
['', '', '', '', '', '', '', '', '', '', '', '', '', '3.00', '10.7']
['190', 'CO280A', 'LAYER CAKE SBERRY', '', '', '', '', '1', 'CTNS', '37.00', 'per', 'CTNS', '0.000', '37.00']
['', '', '36 TRAYS x', '', '8 PCS', '', '[H16b]', '33.00', 'CTNS', '', '', '', '0.000', '33.00']
['', '', '', '', '', '', '', '', '', '', '', '', '', '4.00', '10.8']
['210', 'COF109C', 'TRUNG NGUYEN COFEE', '', '', '', '*20PK', '1', 'CTNS', '48.00', 'per', 'CTNS', '0.000', '48.00']
['', '', '20TB X', '24', '3in1', '*TT*', '10+1', '34.50', 'CTNS', '', '', '', '0.000', '34.50']
['', '', '', '', '', '', '', '', '', '', '', '', '', '13.50', '28.1']
['240', 'CW120', 'SHAO HSING COOKING WINE', '', '', '', '', '2', 'CTNS', '13.00', 'per', 'CTNS', '0.000', '26.00']
['', '', '750 ML X', '', '12 square BT', '', '', '10.50', 'CTNS', '', '', '', '0.000', '21.00']
['', '', '', '', '', '', '', '', '', '', '', '', '', '5.00', '19.2']
['250', 'CW140', 'MICHIU RICE COOKING WINE', '', '', '', '', '1', 'CTNS', '20.00', 'per', 'CTNS', '0.000', '20.00']
['', '', '750 ML. X', '', '12 BT', '', '', '17.50', 'CTNS', '', '', '', '0.000', '17.50']
['', '', '', '', '', '', '', '', '', '', '', '', '', '2.50', '12.5']
['', '', '', '', '', '', '', '', '', '', '', '3.25', '9.3']
['400', 'KS220', 'SK TOM & BO NUONG VI beef', '', '', '1', 'CTNS', '35.00', 'per', 'CTNS', '0.000', '35.00']
['', '', '', '', '', '', '', '', '', '', '', '4.00', '10.8']
['380', 'HM110A', 'FLOWER LIVER PATE', '', '*4.7 OZ', '1', 'CTNS', '37.00', 'per', 'CTNS', '0.000', '37.00']
['', '', '', '', '', '', '', '', '', '', '', '3.50', '14.6']
['350', 'FS240', 'MEGACHEF PRE FISH SAUCE', '', '', '1', 'CTNS', '24.00', 'per', 'CTNS', '0.000', '24.00']
['', '', '', '', '', '', '', '', '', '', '', '2.80', '10.0']
['320', 'FJ101C', 'COCON PUDDING STRAWBERY', '', '', '1', 'CTNS', '28.00', 'per', 'CTNS', '0.000', '28.00']
['', '', '', '', '', '', '', '', '', '', '', '10.00', '9.5']
['290', 'FD192', 'MLS COCONUT SAGO DESSERT', '', '', '5', 'CTNS', '21.00', 'per CTNS', '', '0.000', '105.00']
['Invoice', '#:', '769288', 'Invoice date:', '09/24/18', 'Customer: ASI', 'ASIAN MARKET', '', 'Sales rep:', '7']
['330', 'FP140', 'PANTAI MAM NEM (L)', '', '', '1', 'CTNS', '34.00', 'per', 'CTNS', '0.000', '34.00']
['', '', '30 OZ X', '12 BT', '', '30.00', 'CTNS', '', '', '', '0.000', '30.00']
['', '', '', '', '', '', '', '', '', '', '', '4.00', '11.8']
['350', 'FS240', 'MEGACHEF PRE FISH SAUCE', '', '', '1', 'CTNS', '24.00', 'per', 'CTNS', '0.000', '24.00']
['', '', '23.6 OZ X', '12 BOTTLE', '', '20.50', 'CTNS', '', '', '', '0.000', '20.50']
['', '', '', '', '', '', '', '', '', '', '', '3.50', '14.6']
['370', 'HM110', 'FLOWER LIVER PATE', '', '*2.7 OZ', '1', 'CTNS', '26.00', 'per', 'CTNS', '0.000', '26.00']
['', '', '2.75 OZ X', '24 CANS', '[C29]', '20.91', 'CTNS', '', '', '', '0.000', '20.91']
['', '', '', '', '', '', '', '', '', '', '', '5.09', '19.6']
['380', 'HM110A', 'FLOWER LIVER PATE', '', '*4.7 OZ', '1', 'CTNS', '37.00', 'per', 'CTNS', '0.000', '37.00']
['', '', '4.76 OZ X', '24 CANS', '[C29]', '33.00', 'CTNS', '', '', '', '0.000', '33.00']
['', '', '', '', '', '', '', '', '', '', '', '4.00', '10.8']
['390', 'KS103', 'SK BOT TOM & CHUOI CHIEN', '', '', '1', 'CTNS', '33.00', 'per', 'CTNS', '0.000', '33.00']
['', '', '12Z/45B temp batter', '', '*04', '29.75', 'CTNS', '', '', '', '0.000', '29.75']
['', '', '', '', '', '', '', '', '', '', '', '3.25', '9.8']
['400', 'KS220', 'SK TOM & BO NUONG VI beef', '', '', '1', 'CTNS', '35.00', 'per', 'CTNS', '0.000', '35.00']
['', '', '2z/50 BG bbq spice', '', '[G13b]', '31.75', 'CTNS', '', '', '', '0.000', '31.75']
['', '', '', '', '', '', '', '', '', '', '', '3.25', '9.3']
['410', 'MI120', 'BLACK & WHITE COND. MILK', '', '', '1', 'CTNS', '38.00', 'per', 'CTNS', '0.000', '38.00']
['', '', '14 OZ X', '24 CANS', '[C25]', '32.00', 'CTNS', '', '', '', '0.000', '32.00']
['', '', '', '', '', '', '', '', '', '', '', '6.00', '15.8']
['', '', '', '', '', '', '', '', '', '', '', '', '54.00', '100.0']
['540', 'PA113D', 'THAI BOY TOMYUM SOUR', '', '', '2LBS', '1', 'CTNS', '54.00', 'per', 'CTNS', '0.000', '54.00']
['', '', '', '', '', '', '', '', '', '', '', '', '4.00', '9.5']
['520', 'NT106', 'NORIMAKI MATE RICE CRACK', '', '', '', '1', 'CTNS', '42.00', 'per', 'CTNS', '0.000', '42.00']
['', '', '', '', '', '', '', '', '', '', '', '', '6.00', '11.5']
['490', 'NO160B', 'EXCELLENT NOODLE', '', '', '*8 OZ*', '1', 'CTNS', '52.00', 'per', 'CTNS', '0.000', '52.00']
['', '', '', '', '', '', '', '', '', '', '', '', '5.25', '33.9']
['450', 'NO106H', 'SAFOCO RICE MACRONI', '', '', '*X-LT', '1', 'CTNS', '15.50', 'per', 'CTNS', '0.000', '15.50']
['', '', '', '', '', '', '', '', '', '', '', '', '4.00', '8.7']
['430', 'MI150', 'CALIFORNIA FARM CONDENSE', '', '', '', '1', 'CTNS', '46.00', 'per CTNS', '', '0.000', '46.00']
['Invoice', '#:', '769288', 'Invoice date:', '09/24/18', 'Customer: ASI', 'ASIAN MARKET', '', 'Sales rep:', '7']
['480', 'NO160', 'EXCELLENT NOODLE', '', '', '*16 OZ*', '3', 'EACH', '52.00', 'per', 'CTNS', '0.000', '156.00']
['', '', '16 OZ X', '30 BAGS', '', '', '46.00', 'EACH', '', '', '', '0.000', '138.00']
['', '', '', '', '', '', '', '', '', '', '', '', '18.00', '11.5']
['490', 'NO160B', 'EXCELLENT NOODLE', '', '', '*8 OZ*', '1', 'CTNS', '52.00', 'per', 'CTNS', '0.000', '52.00']
['', '', '8 OZ X', '60 BAGS', '', '[I14]', '46.00', 'CTNS', '', '', '', '0.000', '46.00']
['', '', '', '', '', '', '', '', '', '', '', '', '6.00', '11.5']
['510', 'NO459', 'VIFON CHAO BO', '', '*BAG*', '', '1', 'BDL', '35.00', 'per', 'BDL', '0.000', '35.00']
['', '', '1.7z', '(3 X', '50) chao bo J22', '', '31.50', 'BDL', '', '', '', '0.000', '31.50']
['', '', '', '', '', '', '', '', '', '', '', '', '3.50', '10.0']
['520', 'NT106', 'NORIMAKI MATE RICE CRACK', '', '', '', '1', 'CTNS', '42.00', 'per', 'CTNS', '0.000', '42.00']
['', '', '16 OZ X', '10 BAG', '', '[H17b]', '38.00', 'CTNS', '', '', '', '0.000', '38.00']
['', '', '', '', '', '', '', '', '', '', '', '', '4.00', '9.5']
['530', 'NT180A', 'NAGARAYA PEANUT B.B.Q', '', '', '', '1', 'CTNS', '52.00', 'per', 'CTNS', '0.000', '52.00']
['', '', '5.6 OZ X', '', '48 BAGS', '[H27b]', '46.80', 'CTNS', '', '', '', '0.000', '46.80']
['', '', '', '', '', '', '', '', '', '', '', '', '5.20', '10.0']
['540', 'PA113D', 'THAI BOY TOMYUM SOUR', '', '', '2LBS', '1', 'CTNS', '54.00', 'per', 'CTNS', '0.000', '54.00']
['', '', '2 LBS X', '', '12 BTL PASTE', '*XL*', '0.00', 'CTNS', '', '', '', '0.000', '0.00']
['', '', '', '', '', '', '', '', '', '', '', '', '54.00', '100.0']
['550', 'PA132', 'PANTAI SHRIMP PASTE W/OIL', '', '', '', '1', 'CTNS', '58.00', 'per', 'CTNS', '0.000', '58.00']
['', '', '7 OZ X', '24', '#2 CHEAP', '10+1', '44.24', 'CTNS', '', '', '', '0.000', '44.24']
['', '', '', '', '', '', '', '', '', '', '', '', '13.76', '23.7']
['', '', '', '', '', '', '', '', '', '', '', '', '', '10.23', '25.0']
['730', 'RP111A', '', 'BANH TRANG MY THO', '', '', '*25CM*', '1', 'CTNS', '41.00', 'per', 'CTNS', '0.000', '41.00']
['', '', '', '', '', '', '', '', '', '', '', '', '', '2.60', '9.0']
['700', 'PW504', '', 'GC AGAR AGAR POWDER', '', '', '', '1', 'CTNS', '29.00', 'per', 'CTNS', '0.000', '29.00']
['', '', '', '', '', '', '', '', '', '', '', '', '', '10.91', '29.5']
['660', 'PW152', '', 'BAO LONG PHO GA (CHICKEN)', '', '', '', '1', 'CTNS', '37.00', 'per', 'CTNS', '0.000', '37.00']
['', '', '', '', '', '', '', '', '', '', '', '', '', '10.60', '33.1']
['590', 'PA146', '', 'LAL GIA VI BO KHO', '', '', '[B4b]', '1', 'CTNS', '32.00', 'per', 'CTNS', '0.000', '32.00']
['', '', '', '', '', '', '', '', '', '', '', '', '', '28.00', '25.5']
['570', 'PA143AA', '', 'LAL CRAB PASTE W SOYB OIL', '', '', '', '2', 'CTNS', '55.00', 'per CTNS', '', '0.000', '110.00']
['Invoice', '#:', '769288', 'Invoice date:', '', '09/24/18', 'Customer: ASI', '', 'ASIAN MARKET', '', '', 'Sales rep:', '7']
['620', 'PA210', '', 'POR KWAN BLK PEPPER SAUCE', '', '', '', '1', 'CTNS', '26.00', 'per', 'CTNS', '0.000', '26.00']
['', '', '', '8 OZ X', '24 G.V. BO LUC LAC', '', '', '19.02', 'CTNS', '', '', '', '0.000', '19.02']
['', '', '', '', '', '', '', '', '', '', '', '', '', '6.98', '26.8']
['660', 'PW152', '', 'BAO LONG PHO GA (CHICKEN)', '', '', '', '1', 'CTNS', '37.00', 'per', 'CTNS', '0.000', '37.00']
['', '', '', '144 BOX', '*6/7/2020', '', '', '26.09', 'CTNS', '', '', '', '0.000', '26.09']
['', '', '', '', '', '', '', '', '', '', '', '', '', '10.91', '29.5']
['670', 'PW154', '', 'BAO LONG BO KHO', '', '*', '', '1', 'CTNS', '37.00', 'per', 'CTNS', '0.000', '37.00']
['', '', '', '144 BOX', '*6/7/2020', '', '', '26.09', 'CTNS', '', '', '', '0.000', '26.09']
['', '', '', '', '', '', '', '', '', '', '', '', '', '10.91', '29.5']
['700', 'PW504', '', 'GC AGAR AGAR POWDER', '', '', '', '1', 'CTNS', '29.00', 'per', 'CTNS', '0.000', '29.00']
['', '', '', '6 OZ X', '24 BOX', '', '', '26.40', 'CTNS', '', '', '', '0.000', '26.40']
['', '', '', '', '', '', '', '', '', '', '', '', '', '2.60', '9.0']
['720', 'RI211C', '', '3 LADY SWEET RICE', '', '', '5 LBS', '1', 'CNTS', '42.00', 'per', 'CNTS', '0.000', '42.00']
['', '', '', '5 LBS X', '10 BAGS', '', '', '37.00', 'CNTS', '', '', '', '0.000', '37.00']
['', '', '', '', '', '', '', '', '', '', '', '', '', '5.00', '11.9']
['730', 'RP111A', '', 'BANH TRANG MY THO', '', '', '*25CM*', '1', 'CTNS', '41.00', 'per', 'CTNS', '0.000', '41.00']
['', '', '', '12 OZ X', '44 BAGS', '', '[I42]', '30.77', 'CTNS', '', '', '', '0.000', '30.77']
['', '', '', '', '', '', '', '', '', '', '', '', '', '10.23', '25.0']
['740', 'RP111D', '', 'BANH TRANG MY THO SQUARE', '', '', '', '1', 'CTNS', '41.00', 'per', 'CTNS', '0.000', '41.00']
['', '', '', '12 OZ X', '44 BAGS', '', '*22CM*', '29.27', 'CTNS', '', '', '', '0.000', '29.27']
['', '', '', '', '', '', '', '', '', '', '', '', '', '11.73', '28.6']
['', '', '', '', '', '', '', '', '', '', '', '', '', '9.00', '42.9']
['960', 'SS190B', '', 'MAGGI SOY SAUCE VN LARGE', '', '', '', '1', 'CTNS', '21.00', 'per', 'CTNS', '0.000', '21.00']
['', '', '', '', '', '', '', '', '', '', '', '', '', '7.56', '27.0']
['930', 'SS152', '', 'PANTAI SWEET SOY SAUCE', '', '', '', '1', 'CTNS', '28.00', 'per', 'CTNS', '0.000', '28.00']
['', '', '', '', '', '', '', '', '', '', '', '', '', '7.28', '25.1']
['910', 'SS107', '', 'CJ BULGOGI BEEF SAUCE', '', '', '*S*', '1', 'CTNS', '29.00', 'per', 'CTNS', '0.000', '29.00']
['', '', '', '', '', '', '', '', '', '', '', '', '', '3.00', '10.7']
['830', 'SA122', '', 'LKK CHAR SIU SAUCE', '', '', '14 OZ', '1', 'CTNS', '28.00', 'per', 'CTNS', '0.000', '28.00']
['', '', '', '', '', '', '', '', '', '', '', '', '', '12.00', '8.0']
['770', 'RS231', '', 'NG FUNG FINE VERM.bun', '', '', '*S*', '3', 'CTNS', '50.00', 'per CTNS', '', '0.000', '150.00']
['Invoice', '#:', '769288', 'Invoice date:', '', '09/24/18', 'Customer: ASI', '', 'ASIAN MARKET', '', '', 'Sales rep:', '7']
['850', 'SA137', '', 'LKK GARLIC MINCED FRESH', '', '', '', '1', 'CTNS', '25.00', 'per', 'CTNS', '0.000', '25.00']
['', '', '', '7.5 OZ X', '12 BT', '', '', '21.85', 'CTNS', '', '', '', '0.000', '21.85']
['', '', '', '', '', '', '', '', '', '', '', '', '', '3.15', '12.6']
['910', 'SS107', '', 'CJ BULGOGI BEEF SAUCE', '', '', '*S*', '1', 'CTNS', '29.00', 'per', 'CTNS', '0.000', '29.00']
['', '', '', '17.6 OZ X', '12', '', '10+1', '21.72', 'CTNS', '', '', '', '0.000', '21.72']
['', '', '', '', '', '', '', '', '', '', '', '', '', '7.28', '25.1']
['920', 'SS111', '', 'LA. BO DE GROUND SOYBEAN', '', '', '', '1', 'CTNS', '35.00', 'per', 'CTNS', '0.000', '35.00']
['', '', '', '16 Z/12 BT(goi cuon)SAUCE', '', '', '', '31.00', 'CTNS', '', '', '', '0.000', '31.00']
['', '', '', '', '', '', '', '', '', '', '', '', '', '4.00', '11.4']
['930', 'SS152', '', 'PANTAI SWEET SOY SAUCE', '', '', '', '1', 'CTNS', '28.00', 'per', 'CTNS', '0.000', '28.00']
['', '', '', '35 OZ X', '12 BTL', '', '', '20.44', 'CTNS', '', '', '', '0.000', '20.44']
['', '', '', '', '', '', '', '', '', '', '', '', '', '7.56', '27.0']
['940', 'SS163', '', 'DARLING NOODLE SAUCE', '', '', '', '1', 'CTNS', '33.50', 'per', 'CTNS', '0.000', '33.50']
['', '', '', '500 GR X', '12 BT', '', '[H26]', '30.00', 'CTNS', '', '', '', '0.000', '30.00']
['', '', '', '', '', '', '', '', '', '', '', '', '', '3.50', '10.4']
['960', 'SS190B', '', 'MAGGI SOY SAUCE VN LARGE', '', '', '', '1', 'CTNS', '21.00', 'per', 'CTNS', '0.000', '21.00']
['', '', '', '700 ML X', '12 BT', '*YELLOW*', '', '12.00', 'CTNS', '', '', '', '0.000', '12.00']
['', '', '', '', '', '', '', '', '', '', '', '', '', '9.00', '42.9']
['970', 'SS110', '', 'LA. BO DE SOY SAUCE', '', '', '33.8z', '1', 'CTNS', '17.50', 'per', 'CTNS', '0.000', '17.50']
['', '', '', '33.8 OZ X', '12 BT', '', '[F17]', '16.00', 'CTNS', '', '', '', '0.000', '16.00']
['', '', '', '', '', '', '', '', '', '', '', '', '', '1.50', '8.6']
['', '', '', '', '', '', '', '', '', '', '', '', '', '8.00', '15.4']
['110', 'ED140', '', "HALE'S BLUE BOY", '', '*RED*', '', '2', 'CTNS', '26.00', 'per', 'CTNS', '0.000', '52.00']
['', '', '', '', '', '', '', '', '', '', '', '', '', '2.50', '10.2']
['90', 'CO113B', '', 'BIN BIN SNOW RICE CRACKER', '', '', '', '1', 'CTNS', '24.50', 'per', 'CTNS', '0.000', '24.50']
['', '', '', '', '', '', '', '', '', '', '', '', '', '0.65', '10.0']
['70', 'BR116A', '', 'NEW CHOICE VEGETABLE SOUP', '', '', '', '1', 'CTNS', '6.50', 'per', 'CTNS', '0.000', '6.50']
['', '', '', '', '', '', '', '', '', '', '', '', '', '38.20', '10.4']
['30', 'UT611', '', 'TIGER RICE COOKER', '', '', '5.5 CUP', '4', 'EACH', '92.00', 'per', 'EACH', '0.000', '368.00']
['', '', '', '', '', '', '', '', '', '', '', '', '', '7.00', '13.5']
['0', 'SW103', '', 'CRISPY SEAWEED HOT SPICY', '', '', '', '1', 'CTNS', '52.00', 'per CTNS', '', '0.000', '52.00']
['Invoice', '#:', '769288', 'Invoice date:', '', '09/24/18', 'Customer: ASI', '', 'ASIAN MARKET', '', '', 'Sales rep:', '7']
['60', 'VI100', '', 'CHINKIANG VINEGAR', '', '', '', '1', 'CTNS', '31.00', 'per', 'CTNS', '0.000', '31.00']
['', '', '', '21 OZ X', '24 BOTTLES', '', '', '28.00', 'CTNS', '', '', '', '0.000', '28.00']
['', '', '', '', '', '', '', '', '', '', '', '', '', '3.00', '9.7']
['70', 'BR116A', '', 'NEW CHOICE VEGETABLE SOUP', '', '', '', '1', 'CTNS', '6.50', 'per', 'CTNS', '0.000', '6.50']
['', '', '', '14 OZ X', '12 CAN SOUP CHAY', '', '', '5.85', 'CTNS', '', '', '', '0.000', '5.85']
['', '', '', '', '', '', '', '', '', '', '', '', '', '0.65', '10.0']
['80', 'BS123', '', 'AROY-D BBS SLICE', '', '19oz', '', '1', 'CTNS', '23.00', 'per', 'CTNS', '0.000', '23.00']
['', '', '', '19 OZ X', '24 CAN', '', '', '15.00', 'CTNS', '', '', '', '0.000', '15.00']
['', '', '', '', '', '', '', '', '', '', '', '', '', '8.00', '34.8']
['90', 'CO113B', '', 'BIN BIN SNOW RICE CRACKER', '', '', '', '1', 'CTNS', '24.50', 'per', 'CTNS', '0.000', '24.50']
['', '', '', '5.3 OZ X', '20 BAGS', '', '', '22.00', 'CTNS', '', '', '', '0.000', '22.00']
['', '', '', '', '', '', '', '', '', '', '', '', '', '2.50', '10.2']
['100', 'DD152', '', 'VT BOT BANH BAO dumling', '', '', '', '1', 'CTNS', '16.00', 'per', 'CTNS', '0.000', '16.00']
['', '', '', '14 OZ X', '20', 'BAG', 'flour', '10.77', 'CTNS', '', '', '', '0.000', '10.77']
['', '', '', '', '', '', '', '', '', '', '', '', '', '5.23', '32.7']
['110', 'ED140', '', "HALE'S BLUE BOY", '', '*RED*', '', '2', 'CTNS', '26.00', 'per', 'CTNS', '0.000', '52.00']
['', '', '', '710 ML X', '12 BTLS', '', '*SALA*', '22.00', 'CTNS', '', '', '', '0.000', '44.00']
['', '', '', '', '', '', '', '', '', '', '', '', '', '8.00', '15.4']
['120', 'NO105B', '', 'SAFOCO EGG NOODLES', '', '', '*N*', '1', 'CTNS', '28.00', 'per', 'CTNS', '0.000', '28.00']
['', '', '', '500g X', '20 PK', 'DAC BIET', '', '19.89', 'CTNS', '', '', '', '0.000', '19.89']
['', '', '', '', '', '', '', '', '', '', '', '', '', '8.11', '29.0']
['', '', '', '', '', '', '', '', '', '', '', '', '', '10.00', '11.4']
['270', 'FD150', '', 'COCO RICO COCONUT SODA', '', '', '', '10', 'CTNS', '8.75', 'per', 'CTNS', '0.000', '87.50']
['', '', '', '', '', '', '', '', '', '', '', '', '', '26.95', '39.2']
['250', 'FD109C', '', 'MOGU MOGU COCONUT DR. W/', '', '', '', '5', 'CTNS', '13.75', 'per', 'CTNS', '0.000', '68.75']
['', '', '', '', '', '', '', '', '', '', '', '', '', '17.80', '12.3']
['240', 'ED103A', '', 'M-150 DRINK can', '', '', '', '10', 'CTNS', '14.50', 'per', 'CTNS', '0.000', '145.00']
['', '', '', '', '', '', '', '', '', '', '', '', '', '12.00', '13.0']
['210', 'NO331', '', 'MAMA TOMYUM NOODLE (BAG)', '', '', '', '2', 'CTNS', '46.00', 'per', 'CTNS', '0.000', '92.00']
['', '', '', '', '', '', '', '', '', '', '', '', '', '18.15', '43.2']
['150', 'RP128', '', 'NP BANH DA ME TOM DEN', '', '', '*VN', '1', 'CTNS', '42.00', 'per CTNS', '', '0.000', '42.00']
['Invoice', '#:', '769288', 'Invoice date:', '', '09/24/18', 'Customer: ASI', '', 'ASIAN MARKET', '', '', 'Sales rep:', '7']
['220', 'NO331A', '', 'MAMA TOMYUM CREAMY NOODLE', '', '', '', '2', 'CTNS', '46.00', 'per', 'CTNS', '0.000', '92.00']
['', '', '', '2.1 OZ X', '(6 X', '30)', '', '40.00', 'CTNS', '', '', '', '0.000', '80.00']
['', '', '', '', '', '', '', '', '', '', '', '', '', '12.00', '13.0']
['240', 'ED103A', '', 'M-150 DRINK can', '', '', '', '10', 'CTNS', '14.50', 'per', 'CTNS', '0.000', '145.00']
['', '', '', '24 CAN', '', 'CRV002', '[C17]', '12.72', 'CTNS', '', '', '', '0.000', '127.20']
['', '', '', '', '', '', '', '', '', '', '', '', '', '17.80', '12.3']
['241', 'HM154', '', 'KYJ DUCK LEGS', '', '', '', '10', 'CTNS', '3.80', 'per', 'CTNS', '0.000', '38.00']
['', '', '', 'PCS', '', '', '', '140.00', 'CTNS', '', '', '', '0.000', '1400.00']
['', '', '', '', '', '', '', '', '', '', '', '', '', '1,362.00-', '3,584.2-']
['250', 'FD109C', '', 'MOGU MOGU COCONUT DR. W/', '', '', '', '5', 'CTNS', '13.75', 'per', 'CTNS', '0.000', '68.75']
['', '', '', '320ML X', '24 NATA COCO', '', '20+4', '8.36', 'CTNS', '', '', '', '0.000', '41.80']
['', '', '', '', '', '', '', '', '', '', '', '', '', '26.95', '39.2']
['260', 'FD109C', '', 'MOGU MOGU COCONUT DR. W/', '', '', '', '1', 'CTNS', '0.00', 'per', 'CTNS', '0.000', '0.00']
['', '', '', '320ML X', '24 NATA COCO', '', '20+4', '8.36', 'CTNS', '', '', '', '0.000', '8.36']
['', '', '', '', '', '', '', '', '', '', '', '', '', '8.36-', '0.0']
['270', 'FD150', '', 'COCO RICO COCONUT SODA', '', '', '', '10', 'CTNS', '8.75', 'per', 'CTNS', '0.000', '87.50']
['', '', '', '12 OZ X', '24', '', '', '7.75', 'CTNS', '', '', '', '0.000', '77.50']
['', '', '', '', '', '', '', '', '', '', '', '', '', '10.00', '11.4']
['280', 'ED103', '', 'M-150 DRINK bottle', '', '', '[C16]', '10', 'CTNS', '22.00', 'per', 'CTNS', '0.000', '220.00']
['', '', '', '50 BT X', '150CC', '', 'CRV008', '19.50', 'CTNS', '', '', '', '0.000', '195.00']
['', '', '', '', '', '', '', '', '', '', '', '', '', '25.00', '11.4']
['', '', '', '', '', '', '', '', '', '', '', '', '', '21.50', '17.2']
['450', 'FR443', '', 'LONG PHUNG CHA CHIEN', '', '', '', '1', 'CTNS', '125.00', 'per', 'CTNS', '0.000', '125.00']
['', '', '', '', '', '', '', '', '', '', '', '', '', '12.00', '9.1']
['430', 'HM151', '', 'CALIFORNIA.CHICKEN SAUSAG', '', '', '', '1', 'CTNS', '132.00', 'per', 'CTNS', '0.000', '132.00']
['', '', '', '', '', '', '', '', '', '', '', '', '', '3.75', '11.9']
['370', 'NO238', '', 'OH RICEY HU TIEU', '', '', '24 BAG', '1', 'BDL', '31.50', 'per', 'BDL', '0.000', '31.50']
['', '', '', '', '', '', '', '', '', '', '', '', '', '2.25', '9.4']
['350', 'NO240C', '', 'HAO HAO ONION SHRIMP mi', '', '', '', '1', 'BDL', '24.00', 'per', 'BDL', '0.000', '24.00']
['', '', '', '', '', '', '', '', '', '', '', '', '', '15.49-', '0.0']
['300', 'FD105C', '', 'FOCO ROAST. COCONUT JUICE', '', '', '', '1', 'CTNS', '0.00', 'per CTNS', '', '0.000', '0.00']
['Invoice', '#:', '769288', 'Invoice date:', '', '09/24/18', 'Customer: ASI', '', 'ASIAN MARKET', '', '', 'Sales rep:', '7']
['360', 'NO240D', '', 'HAO HAO MI CHAY', '', '*BAG*', '', '1', 'BDL', '24.00', 'per', 'BDL', '0.000', '24.00']
['', '', '', '30 BAGS X', '3 BOX', '', '', '21.75', 'BDL', '', '', '', '0.000', '21.75']
['', '', '', '', '', '', '', '', '', '', '', '', '', '2.25', '9.4']
['370', 'NO238', '', 'OH RICEY HU TIEU', '', '', '24 BAG', '1', 'BDL', '31.50', 'per', 'BDL', '0.000', '31.50']
['', '', '', '24 BAGS X', '', '3 BOX NAM VANG', '', '27.75', 'BDL', '', '', '', '0.000', '27.75']
['', '', '', '', '', '', '', '', '', '', '', '', '', '3.75', '11.9']
['410', 'FR141A', '', 'OF SWAI HEADLESS', '', '', '', '4', 'CTNS', '66.00', 'per', 'CTNS', '0.000', '264.00']
['', '', '', '2 LB X', '15', 'WHOLE & CUT', '', '34.77', 'CTNS', '', '', '', '0.000', '139.08']
['', '', '', '', '', '', '', '', '', '', '', '', '', '124.92', '47.3']
['430', 'HM151', '', 'CALIFORNIA.CHICKEN SAUSAG', '', '', '', '1', 'CTNS', '132.00', 'per', 'CTNS', '0.000', '132.00']
['', '', '', '16 OZ X', '24 BAGS', '', '', '120.00', 'CTNS', '', '', '', '0.000', '120.00']
['', '', '', '', '', '', '', '', '', '', '', '', '', '12.00', '9.1']
['440', 'HM152', '', 'CALIFORNIA.PORK SAUSAGE', '', '', '', '1', 'CTNS', '132.00', 'per', 'CTNS', '0.000', '132.00']
['', '', '', '16 OZ X', '24 BAG', '', '', '120.00', 'CTNS', '', '', '', '0.000', '120.00']
['', '', '', '', '', '', '', '', '', '', '', '', '', '12.00', '9.1']
['450', 'FR443', '', 'LONG PHUNG CHA CHIEN', '', '', '', '1', 'CTNS', '125.00', 'per', 'CTNS', '0.000', '125.00']
['', '', '', '16 OZ X', '30 BAGS', '', '', '103.50', 'CTNS', '', '', '', '0.000', '103.50']
['', '', '', '', '', '', '', '', '', '', '', '', '', '21.50', '17.2']
['460', 'FR488', '', 'GP BEEF TENDON BALL', '', '', '', '1', 'CTNS', '64.00', 'per', 'CTNS', '0.000', '64.00']
['', '', '', '11 OZ X', '20', 'bo vien gan', '', '58.00', 'CTNS', '', '', '', '0.000', '58.00']
['', '', '', '', '', '', '', '', '', '', '', '', '', '6.00', '9.4']
['', '', '', '', '', '', '', '', '', '', '5.50', '11.2']
['570', 'FR125', 'SUN THIT OC BU SNAIL MEAT', '', '', '1', 'CTNS', '49.00', 'per CTNS', '0.000', '49.00']
['', '', '', '', '', '', '', '', '', '', '15.00', '15.0']
['530', 'FR296', 'HUONG DUYEN CHA CHIEN', '', '', '1', 'CTNS', '100.00', 'per CTNS', '0.000', '100.00']
['', '', '', '', '', '', '', '', '', '', '40.62', '26.0']
['500', 'FR160', 'OF CA KEO', 'GOBY FISH', '', '2', 'CTNS', '78.00', 'per CTNS', '0.000', '156.00']
['Invoice', '#:', '769288', 'Invoice date:', '09/24/18', 'Customer: ASI', 'ASIAN MARKET', '', 'Sales rep:', '7']
['', '', '', '', '', '', '', '', '', '', '5.80', '15.7']
['530', 'FR296', 'HUONG DUYEN CHA CHIEN', '', '', '1', 'CTNS', '100.00', 'per CTNS', '0.000', '100.00']
['', '', '16 OZ X', '25 pork meat roll', '', '85.00', 'CTNS', '', '', '0.000', '85.00']
['', '', '', '', '', '', '', '', '', '', '15.00', '15.0']
['550', 'FR109', 'BOAT CHA CA THAC LAC', '', '', '1', 'CTNS', '99.00', 'per CTNS', '0.000', '99.00']
['', '', '13 OZ X', '30 CUP', 'DUC KY', '87.12', 'CTNS', '', '', '0.000', '87.12']
['', '', '', '', '', '', '', '', '', '', '11.88', '12.0']
['570', 'FR125', 'SUN THIT OC BU SNAIL MEAT', '', '', '1', 'CTNS', '49.00', 'per CTNS', '0.000', '49.00']
['', '', '14OZ X', '30', '*F0035', '43.50', 'CTNS', '', '', '0.000', '43.50']
['', '', '', '', '', '', '', '', '', '', '5.50', '11.2']
['580', 'UT818', 'PALLET', '', '', '3', 'CTNS', '7.50', 'per CTNS', '0.000', '22.50']
['', '', 'EACH', '', '', '5.75', 'CTNS', '', '', '0.000', '17.25']
['', '', '', '', '', '', '', '', '', '', '5.25', '23.3']
['', '', '', '', '', '', '', '', 'Invoice totals:', '', '6355.15']
['', '', '', '', '', '', '', '', '', '', '6635.94']
['', '', '', '', '', '', '', '', '', '', '280.79-', '4.4-']
['', '', '', '', '', '', '', '', '', '', '', '', '5.00', '15.6']
['140', 'CO248B', 'HUP SENG CREAM CRACKERS', '', '', '', '2', 'CTNS', '16.00', 'per', 'CTNS', '0.000', '32.00']
['', '', '', '', '', '', '', '', '', '', '', '', '4.50', '15.3']
['90', 'CA134', 'CHACHA SUNFLOWER-COCONUT', '', '', '', '1', 'CTNS', '29.50', 'per', 'CTNS', '0.000', '29.50']
['', '', '', '', '', '', '', '', '', '', '', '', '10.20', '10.0']
['70', 'BR120', 'QUOC VIET PHO BO', '', '*S*', '', '1', 'CTNS', '102.00', 'per', 'CTNS', '0.000', '102.00']
['', '', '', '', '', '', '', '', '', '', '', '', '5.00', '8.5']
['50', 'BN120', 'WOR FUNG WHITE BEAN', '', '', '', '1', 'CTNS', '59.00', 'per', 'CTNS', '0.000', '59.00']
['', '', '', '', '', '', '', '', '', '', '', '', '16.85', '32.4']
['20', 'BN101A', 'AROY-D PEELED SPLIT MUNG', '', '', '', '1', 'CTNS', '52.00', 'per CTNS', '', '0.000', '52.00']
['Invoice', '#:', '769289', 'Invoice date:', '09/24/18', 'Customer: PAN', 'PAN-ASIA MARKET', 'Sales rep:', '7']
['60', 'BR116A', 'NEW CHOICE VEGETABLE SOUP', '', '', '', '2', 'CTNS', '6.50', 'per', 'CTNS', '0.000', '13.00']
['', '', '14 OZ X', '12 CAN SOUP CHAY', '', '', '5.85', 'CTNS', '', '', '', '0.000', '11.70']
['', '', '', '', '', '', '', '', '', '', '', '', '1.30', '10.0']
['70', 'BR120', 'QUOC VIET PHO BO', '', '*S*', '', '1', 'CTNS', '102.00', 'per', 'CTNS', '0.000', '102.00']
['', '', '10 OZ X', '24 JARS', '#03', '', '91.80', 'CTNS', '', '', '', '0.000', '91.80']
['', '', '', '', '', '', '', '', '', '', '', '', '10.20', '10.0']
['80', 'BR128', 'QUOC VIET BUN RIEU CUA', '', '', '*S', '1', 'CTNS', '102.00', 'per', 'CTNS', '0.000', '102.00']
['', '', '10 OZ X', '24', 'JARS', '#06', '91.80', 'CTNS', '', '', '', '0.000', '91.80']
['', '', '', '', '', '', '', '', '', '', '', '', '10.20', '10.0']
['90', 'CA134', 'CHACHA SUNFLOWER-COCONUT', '', '', '', '1', 'CTNS', '29.50', 'per', 'CTNS', '0.000', '29.50']
['', '', '250 GR X', '', '18 BG SEEDS H33b', '', '25.00', 'CTNS', '', '', '', '0.000', '25.00']
['', '', '', '', '', '', '', '', '', '', '', '', '4.50', '15.3']
['110', 'CF225', 'LAL TODDYPALM & JACKFRUIT', '', '', '', '1', 'CTNS', '38.00', 'per', 'CTNS', '0.000', '38.00']
['', '', '20 OZ X', '24 CANS', '', '[B15]', '27.30', 'CTNS', '', '', '', '0.000', '27.30']
['', '', '', '', '', '', '', '', '', '', '', '', '10.70', '28.2']
['140', 'CO248B', 'HUP SENG CREAM CRACKERS', '', '', '', '2', 'CTNS', '16.00', 'per', 'CTNS', '0.000', '32.00']
['', '', '17.6 OZ X', '12 BAGS', '', '[H7b]', '13.50', 'CTNS', '', '', '', '0.000', '27.00']
['', '', '', '', '', '', '', '', '', '', '', '', '5.00', '15.6']
['160', 'COF107BBB', 'NESCAFE VIET', '', '2n1', '*DEN BAG', '1', 'CTNS', '62.00', 'per', 'CTNS', '0.000', '62.00']
['', '', '560G X', '12BAG', '', '', '46.75', 'CTNS', '', '', '', '0.000', '46.75']
['', '', '', '', '', '', '', '', '', '', '', '', '15.25', '24.6']
['', '', '', '', '', '', '', '', '', '', '', '', '', '', '', '4.00', '15.4']
['300', 'ED140', '', "HALE'S BLUE BOY", '', '', '*RED*', '', '1', 'CTNS', '', '26.00', 'per', 'CTNS', '0.000', '26.00']
['', '', '', '', '', '', '', '', '', '', '', '', '', '', '', '9.65', '25.4']
['260', 'DD156', '', 'MIKKO BOT BANH XEO', '', '', '', '40BAG', '1', 'CTNS', '', '38.00', 'per', 'CTNS', '0.000', '38.00']
['', '', '', '', '', '', '', '', '', '', '', '', '', '', '', '5.74', '33.8']
['240', 'DD143', '', 'VT BOT GAO', '', '', '', '', '1', 'EACH', '', '17.00', 'per', 'CTNS', '0.000', '17.00']
['', '', '', '', '', '', '', '', '', '', '', '', '', '', '', '12.50', '19.2']
['210', 'CW120', '', 'SHAO HSING COOKING WINE', '', '', '', '', '5', 'CTNS', '', '13.00', 'per', 'CTNS', '0.000', '65.00']
['', '', '', '', '', '', '', '', '', '', '', '', '', '', '', '7.26', '23.3']
['190', 'CV130A', '', 'LAL PKL SWT&SOUR LOTUS', '', '', '', '*S', '1', 'CTNS', '', '31.20', 'per CTNS', '', '0.000', '31.20']
['Invoice', '#:', '769289', 'Invoice date:', '', '09/24/18', '', '', 'Customer: PAN', '', 'PAN-ASIA MARKET', '', '', 'Sales rep:', '7']
['230', 'DD142', '', 'VT BOT BANH CUON', '', '', '', '', '1', 'EACH', '', '16.00', 'per', 'CTNS', '0.000', '16.00']
['', '', '', '14 OZ X', '20 BG rice roll', '', '', '', '11.56', 'EACH', '', '', '', '', '0.000', '11.56']
['', '', '', '', '', '', '', '', '', '', '', '', '', '', '', '4.44', '27.8']
['240', 'DD143', '', 'VT BOT GAO', '', '', '', '', '1', 'EACH', '', '17.00', 'per', 'CTNS', '0.000', '17.00']
['', '', '', '16 OZ X', '20', '', '', '', '11.26', 'EACH', '', '', '', '', '0.000', '11.26']
['', '', '', '', '', '', '', '', '', '', '', '', '', '', '', '5.74', '33.8']
['250', 'DD152', '', 'VT BOT BANH BAO dumling', '', '', '', '', '1', 'CTNS', '', '16.00', 'per', 'CTNS', '0.000', '16.00']
['', '', '', '14 OZ X', '20', 'BAG', '', 'flour', '10.77', 'CTNS', '', '', '', '', '0.000', '10.77']
['', '', '', '', '', '', '', '', '', '', '', '', '', '', '', '5.23', '32.7']
['260', 'DD156', '', 'MIKKO BOT BANH XEO', '', '', '', '40BAG', '1', 'CTNS', '', '38.00', 'per', 'CTNS', '0.000', '38.00']
['', '', '', '17.63 OZ/40 BAGS', '', '', '', '', '28.35', 'CTNS', '', '', '', '', '0.000', '28.35']
['', '', '', '', '', '', '', '', '', '', '', '', '', '', '', '9.65', '25.4']
['290', 'DV280', '', 'NK LONGAN (SEEDLESS)', '', '', '', '', '1', 'CTNS', '', '182.00', 'per', 'CTNS', '0.000', '182.00']
['', '', '', '6 OZ X', '50 BAGS', '', '', '', '165.00', 'CTNS', '', '', '', '', '0.000', '165.00']
['', '', '', '', '', '', '', '', '', '', '', '', '', '', '', '17.00', '9.3']
['300', 'ED140', '', "HALE'S BLUE BOY", '', '', '*RED*', '', '1', 'CTNS', '', '26.00', 'per', 'CTNS', '0.000', '26.00']
['', '', '', '710 ML X', '12 BTLS', '', '', '*SALA*', '22.00', 'CTNS', '', '', '', '', '0.000', '22.00']
['', '', '', '', '', '', '', '', '', '', '', '', '', '', '', '4.00', '15.4']
['310', 'ED171', '', 'KT NIN JIOM PEI PA KOA', '', '', '', '', '1', 'CTNS', '', '115.00', 'per', 'CTNS', '0.000', '115.00']
['', '', '', '10 OZ X', '', '24 BT LOQUAT SYRP', '', '', '105.00', 'CTNS', '', '', '', '', '0.000', '105.00']
['', '', '', '', '', '', '', '', '', '', '', '', '', '', '', '10.00', '8.7']
['', '', '', '', '', '', '', '', '', '', '', '', '', '', '', '5.25', '33.9']
['450', 'NO106B', '', 'SAFOCO RICE MACARONI', '', '', '', '*L-T', '1', 'CTNS', '', '15.50', 'per', 'CTNS', '0.000', '15.50']
['', '', '', '', '', '', '', '', '', '', '', '', '', '', '', '5.57', '31.8']
['420', 'NO105', '', 'SAFOCO MI TRUNG CAO CAP', '', '', '', '', '1', 'CTNS', '', '17.50', 'per', 'CTNS', '0.000', '17.50']
['', '', '', '', '', '', '', '', '', '', '', '', '', '', '', '3.50', '9.5']
['390', 'KS118', '', 'SK G.V. GA XA OT UOP NUON', '', '', '', '', '1', 'CTNS', '', '37.00', 'per', 'CTNS', '0.000', '37.00']
['', '', '', '', '', '', '', '', '', '', '', '', '', '', '', '6.00', '9.5']
['360', 'FU100', '', 'DRIED WHITE FUNGUS', '', '', '', '*BAG*', '1', 'CTNS', '', '63.00', 'per', 'CTNS', '0.000', '63.00']
['', '', '', '', '', '', '', '', '', '', '', '', '', '', '', '11.25', '11.0']
['340', 'FD340', '', 'TASTE NIRVANA THAI TEA-B', '', '', '', '', '5', 'CTNS', '', '20.50', 'per CTNS', '', '0.000', '102.50']
['Invoice', '#:', '769289', 'Invoice date:', '', '09/24/18', '', '', 'Customer: PAN', '', 'PAN-ASIA MARKET', '', '', 'Sales rep:', '7']
['370', 'HM110A', '', 'FLOWER LIVER PATE', '', '', '', '*4.7 OZ', '1', 'CTNS', '', '37.00', 'per', 'CTNS', '0.000', '37.00']
['', '', '', '4.76 OZ X', '', '24 CANS', '', '[C29]', '33.00', 'CTNS', '', '', '', '', '0.000', '33.00']
['', '', '', '', '', '', '', '', '', '', '', '', '', '', '', '4.00', '10.8']
['390', 'KS118', '', 'SK G.V. GA XA OT UOP NUON', '', '', '', '', '1', 'CTNS', '', '37.00', 'per', 'CTNS', '0.000', '37.00']
['', '', '', '2z/50B spice roast rib bf', '', '', '', '', '33.50', 'CTNS', '', '', '', '', '0.000', '33.50']
['', '', '', '', '', '', '', '', '', '', '', '', '', '', '', '3.50', '9.5']
['410', 'MS101', '', 'AJINOMOTO MSG (BAGS)', '', '', '', '', '1', 'CTNS', '', '77.00', 'per', 'CTNS', '0.000', '77.00']
['', '', '', '16 OZ X', '48 BAGS', '', '', '[C30]', '68.10', 'CTNS', '', '', '', '', '0.000', '68.10']
['', '', '', '', '', '', '', '', '', '', '', '', '', '', '', '8.90', '11.6']
['420', 'NO105', '', 'SAFOCO MI TRUNG CAO CAP', '', '', '', '', '1', 'CTNS', '', '17.50', 'per', 'CTNS', '0.000', '17.50']
['', '', '', '500g X', '10 PK EGG NOODLE', '', '', '', '11.93', 'CTNS', '', '', '', '', '0.000', '11.93']
['', '', '', '', '', '', '', '', '', '', '', '', '', '', '', '5.57', '31.8']
['430', 'NO105E', '', 'SAFOCO VEGETABLE NOODLE', '', '', '', '', '1', 'CTNS', '', '29.00', 'per', 'CTNS', '0.000', '29.00']
['', '', '', '500g X', '20 bags', '', '*Nrc*', '', '20.43', 'CTNS', '', '', '', '', '0.000', '20.43']
['', '', '', '', '', '', '', '', '', '', '', '', '', '', '', '8.57', '29.6']
['450', 'NO106B', '', 'SAFOCO RICE MACARONI', '', '', '', '*L-T', '1', 'CTNS', '', '15.50', 'per', 'CTNS', '0.000', '15.50']
['', '', '', '14 OZ X', '12', '*nui ong lon*', '', '', '10.25', 'CTNS', '', '', '', '', '0.000', '10.25']
['', '', '', '', '', '', '', '', '', '', '', '', '', '', '', '5.25', '33.9']
['470', 'NO106O', '', 'SAFOCO VEGE MACARONI T-RC', '', '', '', '', '1', 'CTNS', '', '16.00', 'per', 'CTNS', '0.000', '16.00']
['', '', '', '7 OZ X', '20 BG', '', '*NUI RAU CU', '', '11.90', 'CTNS', '', '', '', '', '0.000', '11.90']
['', '', '', '', '', '', '', '', '', '', '', '', '', '', '', '4.10', '25.6']
['', '', '', '', '', '', '', '', '', '', '', '', '', '', '', '2.85', '9.5']
['640', 'SA131', '', 'LKK VEGE-STIR FRY', '', '', '', '18oz', '1', 'CTNS', '', '30.00', 'per', 'CTNS', '0.000', '30.00']
['', '', '', '', '', '', '', '', '', '', '', '', '', '', '', '5.00', '9.4']
['610', 'RS103', '', 'TIGER NOODLE', '', '', 'LUGLUG', '*L*', '1', 'CTNS', '', '53.00', 'per', 'CTNS', '0.000', '53.00']
['', '', '', '', '', '', '', '', '', '', '', '', '', '', '', '15.85', '35.2']
['570', 'PW225B', '', 'MAGGI MUSHROOM SEASONING', '', '', '', '', '1', 'CTNS', '', '45.00', 'per', 'CTNS', '0.000', '45.00']
['', '', '', '', '', '', '', '', '', '', '', '', '', '', '', '13.82', '34.6']
['530', 'PA117B', '', 'POR KWAN NUOC ME CHUA', '', '', '', '', '1', 'CTNS', '', '40.00', 'per', 'CTNS', '0.000', '40.00']
['', '', '', '', '', '', '', '', '', '', '', '', '', '', '', '3.00', '9.4']
['510', 'NT105', '', 'HOT MATE ASST.RICE CRACK', '', '', '', '', '1', 'CTNS', '', '32.00', 'per CTNS', '', '0.000', '32.00']
['Invoice', '#:', '769289', 'Invoice date:', '', '09/24/18', '', '', 'Customer: PAN', '', 'PAN-ASIA MARKET', '', '', 'Sales rep:', '7']
['550', 'PA131', '', 'PANTAI CRAB PST W/OIL#1', '', '', '', '', '1', 'CTNS', '', '102.00', 'per', 'CTNS', '0.000', '102.00']
['', '', '', '7 OZ X', '24 BT', '**L**A*', '', '10+1', '83.40', 'CTNS', '', '', '', '', '0.000', '83.40']
['', '', '', '', '', '', '', '', '', '', '', '', '', '', '', '18.60', '18.2']
['570', 'PW225B', '', 'MAGGI MUSHROOM SEASONING', '', '', '', '', '1', 'CTNS', '', '45.00', 'per', 'CTNS', '0.000', '45.00']
['', '', '', '7 OZ X', '36 BAGS', '', '', '', '29.15', 'CTNS', '', '', '', '', '0.000', '29.15']
['', '', '', '', '', '', '', '', '', '', '', '', '', '', '', '15.85', '35.2']
['580', 'PW502', '', 'GC MANGO PUDDING MIX', '', '', '', '', '1', 'CTNS', '', '27.00', 'per', 'CTNS', '0.000', '27.00']
['', '', '', '4.5 OZ X', '24 BOX', '', '', '', '24.00', 'CTNS', '', '', '', '', '0.000', '24.00']
['', '', '', '', '', '', '', '', '', '', '', '', '', '', '', '3.00', '11.1']
['610', 'RS103', '', 'TIGER NOODLE', '', '', 'LUGLUG', '*L*', '1', 'CTNS', '', '53.00', 'per', 'CTNS', '0.000', '53.00']
['', '', '', '21 OZ X', '24 BAG', '', '', '[I5]', '48.00', 'CTNS', '', '', '', '', '0.000', '48.00']
['', '', '', '', '', '', '', '', '', '', '', '', '', '', '', '5.00', '9.4']
['620', 'RS131A', '', 'EXCELENT RICE STICK BIHON', '', '', '', '', '1', 'CTNS', '', '51.00', 'per', 'CTNS', '0.000', '51.00']
['', '', '', '16 OZ X', '25 BAG', '', 'W/TAPE', '', '44.00', 'CTNS', '', '', '', '', '0.000', '44.00']
['', '', '', '', '', '', '', '', '', '', '', '', '', '', '', '7.00', '13.7']
['640', 'SA131', '', 'LKK VEGE-STIR FRY', '', '', '', '18oz', '1', 'CTNS', '', '30.00', 'per', 'CTNS', '0.000', '30.00']
['', '', '', '18 OZ X', '12 BT', '', '*100853', '', '27.15', 'CTNS', '', '', '', '', '0.000', '27.15']
['', '', '', '', '', '', '', '', '', '', '', '', '', '', '', '2.85', '9.5']
['660', 'SA140', '', 'LKK KUM-CHUN OYSTER SAUCE', '', '', '', '', '1', 'CTNS', '', '20.00', 'per', 'CTNS', '0.000', '20.00']
['', '', '', '5 LBS X', '6 CAN', '', '', '[G41]', '16.35', 'CTNS', '', '', '', '', '0.000', '16.35']
['', '', '', '', '', '', '', '', '', '', '', '', '', '', '', '3.65', '18.3']
['', '', '', '', '', '', '', '', '', '', '', '', '', '', '3.75', '11.9']
['870', 'NO238B', '', 'OH RICEY HU TIEU', '', '', '24 BAG', '', '1', 'BDL', '31.50', 'per', 'BDL', '0.000', '31.50']
['', '', '', '', '', '', '', '', '', '', '', '', '', '', '16.57', '9.3']
['810', 'UT615', '', 'TIGER RICE COOKER', '', '', '15 CUP', '', '1', 'EACH', '179.00', 'per', 'EACH', '0.000', '179.00']
['', '', '', '', '', '', '', '', '', '', '', '', '', '', '3.21', '14.6']
['790', 'SU112', '', 'C&H SUGAR', '*4 LBS*', '', '', '', '1', 'CTNS', '22.00', 'per', 'CTNS', '0.000', '22.00']
['', '', '', '', '', '', '', '', '', '', '', '', '', '', '4.00', '12.1']
['760', 'SS191', '', 'MAGGI SEASONING SOYSAUCE', '', '', '', '', '1', 'CTNS', '33.00', 'per', 'CTNS', '0.000', '33.00']
['', '', '', '', '', '', '', '', '', '', '', '', '', '', '1.75', '10.3']
['740', 'SS162', '', 'ABC .SALTY SOY SAUCE', '', '', '', '', '1', 'CTNS', '17.00', 'per CTNS', '', '0.000', '17.00']
['Invoice', '#:', '769289', 'Invoice date:', '', '09/24/18', '', 'Customer: PAN', '', '', 'PAN-ASIA MARKET', '', 'Sales rep:', '7']
['780', 'SS402', '', "YEO'S SWEET CHILI SAUCE", '', '', '', '', '1', 'CTNS', '39.00', 'per', 'CTNS', '0.000', '39.00']
['', '', '', '12.9 OZ X', '24', '**L**', '', '', '35.00', 'CTNS', '', '', '', '0.000', '35.00']
['', '', '', '', '', '', '', '', '', '', '', '', '', '', '4.00', '10.3']
['790', 'SU112', '', 'C&H SUGAR', '*4 LBS*', '', '', '', '1', 'CTNS', '22.00', 'per', 'CTNS', '0.000', '22.00']
['', '', '', '4 LBS X', '10 BAG', '', '[C29]', '', '18.79', 'CTNS', '', '', '', '0.000', '18.79']
['', '', '', '', '', '', '', '', '', '', '', '', '', '', '3.21', '14.6']
['800', 'UT231', '', 'BUTANE GAS', '', '', '', '', '2', 'CTNS', '22.00', 'per', 'CTNS', '0.000', '44.00']
['', '', '', '8 OZ X', '28 BOTTLES', '', '', '', '18.00', 'CTNS', '', '', '', '0.000', '36.00']
['', '', '', '', '', '', '', '', '', '', '', '', '', '', '8.00', '18.2']
['810', 'UT615', '', 'TIGER RICE COOKER', '', '', '15 CUP', '', '1', 'EACH', '179.00', 'per', 'EACH', '0.000', '179.00']
['', '', '', 'PIECE', '', '', '(JCC-2700)', '', '162.43', 'EACH', '', '', '', '0.000', '162.43']
['', '', '', '', '', '', '', '', '', '', '', '', '', '', '16.57', '9.3']
['860', 'NO238', '', 'OH RICEY HU TIEU', '', '', '24 BAG', '', '1', 'BDL', '31.50', 'per', 'BDL', '0.000', '31.50']
['', '', '', '24 BAGS X', '3 BOX NAM VANG', '', '', '', '27.75', 'BDL', '', '', '', '0.000', '27.75']
['', '', '', '', '', '', '', '', '', '', '', '', '', '', '3.75', '11.9']
['870', 'NO238B', '', 'OH RICEY HU TIEU', '', '', '24 BAG', '', '1', 'BDL', '31.50', 'per', 'BDL', '0.000', '31.50']
['', '', '', '24 BAG X', '3 BOX', '', 'BO VIEN', '', '27.75', 'BDL', '', '', '', '0.000', '27.75']
['', '', '', '', '', '', '', '', '', '', '', '', '', '', '3.75', '11.9']
['890', 'FD109C', '', 'MOGU MOGU COCONUT DR. W/', '', '', '', '', '4', 'CTNS', '11.50', 'per', 'CTNS', '0.000', '46.00']
['', '', '', '320ML X', '24 NATA COCO', '', '', '', '8.36', 'CTNS', '', '', '', '0.000', '33.44']
['', '', '', '', '', '', '', '', '', '', '', '', '', '', '12.56', '27.3']
['', '', '', '', '', '', '', '', '', '', '', '', '', '', '8.00', '9.6']
['50', 'FR281A', '', 'FR. BANH BIA DAU XANH', '', '', '', '', '1', 'CTNS', '83.00', 'per', 'CTNS', '0.000', '83.00']
['', '', '', '', '', '', '', '', '', '', '', '', '', '', '9.25', '9.4']
['10', 'TH104A', '', 'TAYHO BO VIEN GAN', '', '', '5 LBS', '', '1', 'CTN', '98.00', 'per', 'CTN', '0.000', '98.00']
['', '', '', '', '', '', '', '', '', '', '', '', '', '', '14.00', '14.0']
['980', 'FR114A', '', 'FR. SQUID TUBE U/5', '', '', '*CH*', '', '5', 'CTNS', '20.00', 'per', 'CTNS', '0.000', '100.00']
['', '', '', '', '', '', '', '', '', '', '', '', '', '', '3.00', '11.8']
['960', 'NO147A', '', 'GOOD PORK VERMICELI PINK', '', '', '', '', '1', 'CTNS', '25.50', 'per', 'CTNS', '0.000', '25.50']
['', '', '', '', '', '', '', '', '', '', '', '', '', '', '2.00', '10.5']
['920', 'CA223', '', 'KOPIKO COFFEE CANDY', '', '', '', '(B)', '1', 'CTNS', '19.00', 'per CTNS', '', '0.000', '19.00']
['Invoice', '#:', '769289', 'Invoice date:', '', '09/24/18', '', 'Customer: PAN', '', '', 'PAN-ASIA MARKET', '', 'Sales rep:', '7']
['970', 'NO148B', '', 'GOOD TOMYUM VERMICELLI', '', '', '', '', '1', 'CTNS', '25.50', 'per', 'CTNS', '0.000', '25.50']
['', '', '', '48 BAGS X', '60 G RED', '', '', '', '22.50', 'CTNS', '', '', '', '0.000', '22.50']
['', '', '', '', '', '', '', '', '', '', '', '', '', '', '3.00', '11.8']
['980', 'FR114A', '', 'FR. SQUID TUBE U/5', '', '', '*CH*', '', '5', 'CTNS', '20.00', 'per', 'CTNS', '0.000', '100.00']
['', '', '', '10 LB *MUC U/5*', '', '', '$2.00/lb.', '', '17.20', 'CTNS', '', '', '', '0.000', '86.00']
['', '', '', '', '', '', '', '', '', '', '', '', '', '', '14.00', '14.0']
['990', 'FR114', '', 'FR. CUTTLEFISH-clean', '', '', '', 'U/1', '1', 'CTNS', '84.70', 'per', 'CTNS', '0.000', '84.70']
['', '', '', '22LBS INDIA muc nang l/s', '', '', '', '', '72.60', 'CTNS', '', '', '', '0.000', '72.60']
['', '', '', '', '', '', '', '', '', '', '', '', '', '', '12.10', '14.3']
['10', 'TH104A', '', 'TAYHO BO VIEN GAN', '', '', '5 LBS', '', '1', 'CTN', '98.00', 'per', 'CTN', '0.000', '98.00']
['', '', '', '5 LBS X', '5 BAGS', '', '', '', '88.75', 'CTN', '', '', '', '0.000', '88.75']
['', '', '', '', '', '', '', '', '', '', '', '', '', '', '9.25', '9.4']
['20', 'FR901', '', 'FR. THAI CORN BLACK', '', '', '', '', '1', 'CTNS', '40.00', 'per', 'CTNS', '0.000', '40.00']
['', '', '', '14 OZ X', '36 BAGS', '', '', '', '35.00', 'CTNS', '', '', '', '0.000', '35.00']
['', '', '', '', '', '', '', '', '', '', '', '', '', '', '5.00', '12.5']
['50', 'FR281A', '', 'FR. BANH BIA DAU XANH', '', '', '', '', '1', 'CTNS', '83.00', 'per', 'CTNS', '0.000', '83.00']
['', '', '', '4 PCS X', '30 BAGS', '', '& SR', '', '75.00', 'CTNS', '', '', '', '0.000', '75.00']
['', '', '', '', '', '', '', '', '', '', '', '', '', '', '8.00', '9.6']
['60', 'FR326A', '', "O'TASTY PORK POTSTICKER", '', '', '', '', '1', 'CTNS', '36.00', 'per', 'CTNS', '0.000', '36.00']
['', '', '', '32 OZ X', '8 BAGS pre-cooked', '', '', '', '28.00', 'CTNS', '', '', '', '0.000', '28.00']
['', '', '', '', '', '', '', '', '', '', '', '', '', '', '8.00', '22.2']
['', '', '', '', '', '', '', '', '', '', '', '', '30.98-', '0.0']
['190', 'FD105C', 'FOCO ROAST. COCONUT JUICE', '', '', '', '2', 'CTNS', '0.00', 'per', 'CTNS', '0.000', '0.00']
['', '', '', '', '', '', '', '', '', '', '', '', '22.50', '12.9']
['170', 'SA100', 'LKK OYSTER SAUCE', '', '18 OZ', '', '5', 'CTNS', '35.00', 'per', 'CTNS', '0.000', '175.00']
['', '', '', '', '', '', '', '', '', '', '', '', '39.40', '58.8']
['150', 'FR165A', 'FR. TINY SHRIMP (KRILL)', '', '', '', '1', 'CTNS', '67.00', 'per', 'CTNS', '0.000', '67.00']
['', '', '', '', '', '', '', '', '', '', '', '', '5.50', '11.2']
['130', 'FR125', 'SUN THIT OC BU SNAIL MEAT', '', '', '', '1', 'CTNS', '49.00', 'per', 'CTNS', '0.000', '49.00']
['', '', '', '', '', '', '', '', '', '', '', '', '34.20-', '0.0']
['90', 'FR400', 'FR. QUAIL-JUMBO', '', '6PK', '*10+1', '1', 'CTNS', '0.00', 'per CTNS', '', '0.000', '0.00']
['Invoice', '#:', '769289', 'Invoice date:', '09/24/18', 'Customer: PAN', 'PAN-ASIA MARKET', 'Sales rep:', '7']
['140', 'FR141', 'SUN CA BASA H/L WHOLECUT', '', '', '', '5', 'CTNS', '76.00', 'per', 'CTNS', '0.000', '380.00']
['', '', '2 LBS X', '15', 'A0601', '', '67.25', 'CTNS', '', '', '', '0.000', '336.25']
['', '', '', '', '', '', '', '', '', '', '', '', '43.75', '11.5']
['150', 'FR165A', 'FR. TINY SHRIMP (KRILL)', '', '', '', '1', 'CTNS', '67.00', 'per', 'CTNS', '0.000', '67.00']
['', '', '7OZ X', '60 BAGS A0701', '', '*VN*', '27.60', 'CTNS', '', '', '', '0.000', '27.60']
['', '', '', '', '', '', '', '', '', '', '', '', '39.40', '58.8']
['151', 'FR154A', 'OF MUDFISH STEAK', '', '2LB', '', '1', 'CTNS', '90.00', 'per', 'CTNS', '0.000', '90.00']
['', '', '2 LB X', '', '15 CA LOC CAT KHUC', '', '77.18', 'CTNS', '', '', '', '0.000', '77.18']
['', '', '', '', '', '', '', '', '', '', '', '', '12.82', '14.2']
['170', 'SA100', 'LKK OYSTER SAUCE', '', '18 OZ', '', '5', 'CTNS', '35.00', 'per', 'CTNS', '0.000', '175.00']
['', '', '18 OZ X', '24 BT', '*300024', '', '30.50', 'CTNS', '', '', '', '0.000', '152.50']
['', '', '', '', '', '', '', '', '', '', '', '', '22.50', '12.9']
['180', 'FD105C', 'FOCO ROAST. COCONUT JUICE', '', '', '', '20', 'CTNS', '20.00', 'per', 'CTNS', '0.000', '400.00']
['', '', '17.6 OZ/24 CRV002', '', '', '10+1', '15.49', 'CTNS', '', '', '', '0.000', '309.80']
['', '', '', '', '', '', '', '', '', '', '', '', '90.20', '22.6']
['190', 'FD105C', 'FOCO ROAST. COCONUT JUICE', '', '', '', '2', 'CTNS', '0.00', 'per', 'CTNS', '0.000', '0.00']
['', '', '17.6 OZ/24 CRV002', '', '', '10+1', '15.49', 'CTNS', '', '', '', '0.000', '30.98']
['', '', '', '', '', '', '', '', '', '', '', '', '30.98-', '0.0']
['200', 'FD150', 'COCO RICO COCONUT SODA', '', '', '', '100', 'CTNS', '8.75', 'per', 'CTNS', '0.000', '875.00']
['', '', '12 OZ X', '24', '', '', '7.75', 'CTNS', '', '', '', '0.000', '775.00']
['', '', '', '', '', '', '', '', '', '', '', '', '100.00', '11.4']
['Invoice', '#:', '769289', 'Invoice date:', '09/24/18', 'Customer: PAN', 'PAN-ASIA MARKET', 'Sales rep:', '7']
['', '', '', '', '', '', 'Gross-margin', 'Margin-%']
['210', 'UT818', 'PALLET', '3', 'CTNS', '7.50', 'per CTNS', '0.000', '22.50']
['', '', 'EACH', '5.75', 'CTNS', '', '', '0.000', '17.25']
['', '', '', '', '', '', '', '', '5.25', '23.3']
['', '', '', '', '', '', 'Invoice totals:', '', '5796.90']
['', '', '', '', '', '', '', '', '4987.68']
['', '', '', '', '', '', '', '', '809.22', '14.0']
['', '', '', '', '', '', '', '', '', '', '', '10.54', '31.9']
['130', 'NO105A', 'SAFOCO MI XAO CAO CAP', '', '', '2', 'CTNS', '16.50', 'per', 'CTNS', '0.000', '33.00']
['', '', '', '', '', '', '', '', '', '', '', '11.88', '34.9']
['110', 'NO106A', 'SAFOCO RICE MACRONI K-T', '', '', '2', 'CTNS', '17.00', 'per', 'CTNS', '0.000', '34.00']
['', '', '', '', '', '', '', '', '', '', '', '17.84', '32.4']
['80', 'PW621', 'THUAN P SUONG SAO HAT E', '', '', '1', 'CTNS', '55.00', 'per', 'CTNS', '0.000', '55.00']
['', '', '', '', '', '', '', '', '', '', '', '12.77', '39.9']
['60', 'PA112', 'LAL GIA VI NAU PHO', '', '8 OZ', '1', 'CTNS', '32.00', 'per', 'CTNS', '0.000', '32.00']
['', '', '', '', '', '', '', '', '', '', '', '9.80', '13.6']
['20', 'SS201', 'KNORR SEASONING SCE', '', '8.5oz', '2', 'CTNS', '36.00', 'per CTNS', '', '0.000', '72.00']
['Invoice', '#:', '769290', 'Invoice date:', '09/24/18', 'Customer: HUONG', 'HUONG QUE MARKET', 'Sales rep:', '7']
['70', 'PA143B', 'LAL GIA VI BUN BO HUE', '', '', '1', 'CTNS', '32.00', 'per', 'CTNS', '0.000', '32.00']
['', '', '7 OZ X', '24 JAR', '[B3]', '22.49', 'CTNS', '', '', '', '0.000', '22.49']
['', '', '', '', '', '', '', '', '', '', '', '9.51', '29.7']
['80', 'PW621', 'THUAN P SUONG SAO HAT E', '', '', '1', 'CTNS', '55.00', 'per', 'CTNS', '0.000', '55.00']
['', '', '60 G X', '50 BG', 'E-GRAINS', '37.16', 'CTNS', '', '', '', '0.000', '37.16']
['', '', '', '', '', '', '', '', '', '', '', '17.84', '32.4']
['100', 'MS102', 'AJINOMOTO MSG (BOX)', '', '', '1', 'CTNS', '93.00', 'per', 'CTNS', '0.000', '93.00']
['', '', '16 OZ X', '48 BOX', '[C31]', '84.40', 'CTNS', '', '', '', '0.000', '84.40']
['', '', '', '', '', '', '', '', '', '', '', '8.60', '9.2']
['110', 'NO106A', 'SAFOCO RICE MACRONI K-T', '', '', '2', 'CTNS', '17.00', 'per', 'CTNS', '0.000', '34.00']
['', '', '17.6ZX', '10 cong short tube', '', '11.06', 'CTNS', '', '', '', '0.000', '22.12']
['', '', '', '', '', '', '', '', '', '', '', '11.88', '34.9']
['120', 'NO106B', 'SAFOCO RICE MACARONI', '', '*L-T', '2', 'CTNS', '15.50', 'per', 'CTNS', '0.000', '31.00']
['', '', '14 OZ X', '12', '*nui ong lon*', '10.25', 'CTNS', '', '', '', '0.000', '20.50']
['', '', '', '', '', '', '', '', '', '', '', '10.50', '33.9']
['130', 'NO105A', 'SAFOCO MI XAO CAO CAP', '', '', '2', 'CTNS', '16.50', 'per', 'CTNS', '0.000', '33.00']
['', '', '500g X', '10 PK', '', '11.23', 'CTNS', '', '', '', '0.000', '22.46']
['', '', '', '', '', '', '', '', '', '', '', '10.54', '31.9']
['140', 'UT231', 'BUTANE GAS', '', '', '2', 'CTNS', '22.00', 'per', 'CTNS', '0.000', '44.00']
['', '', '8 OZ X', '28 BOTTLES', '', '18.00', 'CTNS', '', '', '', '0.000', '36.00']
['', '', '', '', '', '', '', '', '', '', '', '8.00', '18.2']
['', '', '', '', '', '', '', '', '', '', '', '', '127.10', '25.4']
['280', 'FR101C', '*IBP*', 'GAN BO', '11 LBS', '', '10', 'CTNS', '50.00', 'per', 'CTNS', '0.000', '500.00']
['', '', '', '', '', '', '', '', '', '', '', '', '7.50', '18.2']
['240', 'NO193', 'N-SHIM KIMCHI BOWL', '', '', '', '5', 'CTNS', '8.25', 'per', 'CTNS', '0.000', '41.25']
['', '', '', '', '', '', '', '', '', '', '', '', '3.00', '11.1']
['210', 'NO242', 'DAILY TOMYUM NOODLE', '', '', '', '1', 'BDL', '27.00', 'per', 'BDL', '0.000', '27.00']
['', '', '', '', '', '', '', '', '', '', '', '', '10.20', '10.0']
['190', 'BR128', 'QUOC VIET BUN RIEU CUA', '', '', '*S', '1', 'CTNS', '102.00', 'per', 'CTNS', '0.000', '102.00']
['', '', '', '', '', '', '', '', '', '', '', '', '10.20', '10.0']
['170', 'BR120', 'QUOC VIET PHO BO', '', '*S*', '', '1', 'CTNS', '102.00', 'per CTNS', '', '0.000', '102.00']
['Invoice', '#:', '769290', 'Invoice date:', '09/24/18', 'Customer: HUONG', 'HUONG QUE MARKET', 'Sales rep:', '7']
['200', 'NO300', 'ICHIBAN ORIGINAL NOODLE', '', '', '', '10', 'CTN', '11.50', 'per', 'CTN', '0.000', '115.00']
['', '', '3.5 OZ X', '24 BAGS', '', '', '10.25', 'CTN', '', '', '', '0.000', '102.50']
['', '', '', '', '', '', '', '', '', '', '', '', '12.50', '10.9']
['210', 'NO242', 'DAILY TOMYUM NOODLE', '', '', '', '1', 'BDL', '27.00', 'per', 'BDL', '0.000', '27.00']
['', '', '3/24 BAG MI LAU THAI', '', '', 'J33', '24.00', 'BDL', '', '', '', '0.000', '24.00']
['', '', '', '', '', '', '', '', '', '', '', '', '3.00', '11.1']
['230', 'NO194', 'N-SHIM HOT & SPICY BOWL', '', '', '', '5', 'CTNS', '8.25', 'per', 'CTNS', '0.000', '41.25']
['', '', '3oz X', '12 BWL', '', '', '7.25', 'CTNS', '', '', '', '0.000', '36.25']
['', '', '', '', '', '', '', '', '', '', '', '', '5.00', '12.1']
['240', 'NO193', 'N-SHIM KIMCHI BOWL', '', '', '', '5', 'CTNS', '8.25', 'per', 'CTNS', '0.000', '41.25']
['', '', '3z/12 BOWL', '', '', '', '6.75', 'CTNS', '', '', '', '0.000', '33.75']
['', '', '', '', '', '', '', '', '', '', '', '', '7.50', '18.2']
['270', 'FR710A', 'FR. COOK UNPEEL CORN', '', '', '2 PC', '5', 'CTNS', '32.00', 'per', 'CTNS', '0.000', '160.00']
['', '', '2 PCS X', '30 BG', '*LAL FARM*', '', '22.80', 'CTNS', '', '', '', '0.000', '114.00']
['', '', '', '', '', '', '', '', '', '', '', '', '46.00', '28.8']
['280', 'FR101C', '*IBP*', 'GAN BO', '11 LBS', '', '10', 'CTNS', '50.00', 'per', 'CTNS', '0.000', '500.00']
['', '', '11 LBS', '', '', '', '37.29', 'CTNS', '', '', '', '0.000', '372.90']
['', '', '', '', '', '', '', '', '', '', '', '', '127.10', '25.4']
['290', 'FR101A', 'OMASUM TRIPE (LA SACH)', '', '', '', '3', 'CTNS', '58.00', 'per', 'CTNS', '0.000', '174.00']
['', '', '22 lbs', '', '*GP*', '', '39.60', 'CTNS', '', '', '', '0.000', '118.80']
['', '', '', '', '', '', '', '', '', '', '', '', '55.20', '31.7']
['', '', '', '', '', '', '', '', '', '', '', '5.94', '13.8']
['410', 'FR228', 'FR. BUTTER FISH', '', '300/400', '1', 'CTNS', '42.90', 'per', 'CTNS', '0.000', '42.90']
['', '', '', '', '', '', '', '', '', '', '', '8.75', '11.5']
['390', 'FR141', 'SUN CA BASA H/L WHOLECUT', '', '', '1', 'CTNS', '76.00', 'per', 'CTNS', '0.000', '76.00']
['', '', '', '', '', '', '', '', '', '', '', '11.66', '12.5']
['370', 'COF112A', "FR. LEE'S COFFEE", '', '*TRIPLE*', '1', 'CTNS', '93.00', 'per', 'CTNS', '0.000', '93.00']
['', '', '', '', '', '', '', '', '', '', '', '14.00', '43.8']
['330', 'FR835', 'FR. BANH CANH', '', '*LAL FARM*', '1', 'CTNS', '32.00', 'per', 'CTNS', '0.000', '32.00']
['', '', '', '', '', '', '', '', '', '', '', '8.00', '9.6']
['310', 'TH102', 'TAYHO BI TUOI slice pork', '', '', '1', 'CTNS', '83.00', 'per CTNS', '', '0.000', '83.00']
['Invoice', '#:', '769290', 'Invoice date:', '09/24/18', 'Customer: HUONG', 'HUONG QUE MARKET', 'Sales rep:', '7']
['360', 'COF112', "FR. LEE'S COFFEE ORIGINAL", '', '', '1', 'CTNS', '75.00', 'per', 'CTNS', '0.000', '75.00']
['', '', '16 OZ X', '24 BTL', '', '63.00', 'CTNS', '', '', '', '0.000', '63.00']
['', '', '', '', '', '', '', '', '', '', '', '12.00', '16.0']
['370', 'COF112A', "FR. LEE'S COFFEE", '', '*TRIPLE*', '1', 'CTNS', '93.00', 'per', 'CTNS', '0.000', '93.00']
['', '', '16 OZ X', '24 BT CA PHE DAM', '', '81.34', 'CTNS', '', '', '', '0.000', '81.34']
['', '', '', '', '', '', '', '', '', '', '', '11.66', '12.5']
['380', 'NO234', 'RAMA RICE STICK', '', '16 OZ', '1', 'CTNS', '42.40', 'per', 'CTNS', '0.000', '42.40']
['', '', '16 OZ X', '50 BAGS', '', '38.50', 'CTNS', '', '', '', '0.000', '38.50']
['', '', '', '', '', '', '', '', '', '', '', '3.90', '9.2']
['390', 'FR141', 'SUN CA BASA H/L WHOLECUT', '', '', '1', 'CTNS', '76.00', 'per', 'CTNS', '0.000', '76.00']
['', '', '2 LBS X', '15', 'A0601', '67.25', 'CTNS', '', '', '', '0.000', '67.25']
['', '', '', '', '', '', '', '', '', '', '', '8.75', '11.5']
['400', 'FR281C', 'FR. THV BANH PIA DAU XANH', '', '', '1', 'CTNS', '80.00', 'per', 'CTNS', '0.000', '80.00']
['', '', '30 PK', 'SAU RIENG', '10+1', '52.76', 'CTNS', '', '', '', '0.000', '52.76']
['', '', '', '', '', '', '', '', '', '', '', '27.24', '34.1']
['410', 'FR228', 'FR. BUTTER FISH', '', '300/400', '1', 'CTNS', '42.90', 'per', 'CTNS', '0.000', '42.90']
['', '', '22 LBS', '*ECUADOR*', '$1.95/lb', '36.96', 'CTNS', '', '', '', '0.000', '36.96']
['', '', '', '', '', '', '', '', '', '', '', '5.94', '13.8']
['420', 'FR123', 'OF BONITA', '*CA NGU*', '', '1', 'EACH', '54.45', 'per', 'CTNS', '0.000', '54.45']
['', '', '33 LBS VN', '2/4lb', '$1.65/lb', '35.97', 'EACH', '', '', '', '0.000', '35.97']
['', '', '', '', '', '', '', '', '', '', '', '18.48', '33.9']
['', '', '', '', '', '', '', '', '', '', '', '1.50', '12.0']
['520', 'CH121B', 'CALBEE WASABI SHRIMP CHIP', '', '', '1', 'CTNS', '12.50', 'per', 'CTNS', '0.000', '12.50']
['', '', '', '', '', '', '', '', '', '', '', '2.00', '10.0']
['500', 'CH120', 'CALBEE SHRIMP CHIPS', '', '8 OZ', '1', 'CTNS', '20.00', 'per', 'CTNS', '0.000', '20.00']
['', '', '', '', '', '', '', '', '', '', '', '10.00', '9.3']
['480', 'HL104', 'OX & PALM CORNED BEEF', '', '*L*', '1', 'CTNS', '108.00', 'per', 'CTNS', '0.000', '108.00']
['', '', '', '', '', '', '', '', '', '', '', '15.00', '15.0']
['460', 'CF120C', '777 BRAND MACKEREL IN OIL', '', '', '2', 'CTNS', '50.00', 'per', 'CTNS', '0.000', '100.00']
['', '', '', '', '', '', '', '', '', '', '', '5.60', '31.1']
['440', 'BR101A', 'LAL CHICKEN BROTH', '', '*L*', '1', 'CTNS', '18.00', 'per CTNS', '', '0.000', '18.00']
['Invoice', '#:', '769290', 'Invoice date:', '09/24/18', 'Customer: HUONG', 'HUONG QUE MARKET', 'Sales rep:', '7']
['470', 'BR115', 'NEW CHOICE CHICKEN BROTH', '', '', '5', 'CTNS', '5.80', 'per', 'CTNS', '0.000', '29.00']
['', '', '14 OZ X', '12 CAN soup ga', '', '5.20', 'CTNS', '', '', '', '0.000', '26.00']
['', '', '', '', '', '', '', '', '', '', '', '3.00', '10.3']
['480', 'HL104', 'OX & PALM CORNED BEEF', '', '*L*', '1', 'CTNS', '108.00', 'per', 'CTNS', '0.000', '108.00']
['', '', '15 OZ X', '24', 'CHUNKY', '98.00', 'CTNS', '', '', '', '0.000', '98.00']
['', '', '', '', '', '', '', '', '', '', '', '10.00', '9.3']
['490', 'FR311A', 'FR. AROY-D BANANA LEAVES', '', '', '3', 'CTNS', '21.00', 'per', 'CTNS', '0.000', '63.00']
['', '', '1 LBS X', '30 BAG', '*THAI*', '15.50', 'CTNS', '', '', '', '0.000', '46.50']
['', '', '', '', '', '', '', '', '', '', '', '16.50', '26.2']
['500', 'CH120', 'CALBEE SHRIMP CHIPS', '', '8 OZ', '1', 'CTNS', '20.00', 'per', 'CTNS', '0.000', '20.00']
['', '', '8 OZ X 12BAGS', '', '[J45]', '18.00', 'CTNS', '', '', '', '0.000', '18.00']
['', '', '', '', '', '', '', '', '', '', '', '2.00', '10.0']
['510', 'CH121', 'CALBEE SHRIMP CHIPS', '', '4 OZ', '1', 'CTNS', '12.50', 'per', 'CTNS', '0.000', '12.50']
['', '', '4 OZ/12 BAG', '', '[J47]', '11.00', 'CTNS', '', '', '', '0.000', '11.00']
['', '', '', '', '', '', '', '', '', '', '', '1.50', '12.0']
['520', 'CH121B', 'CALBEE WASABI SHRIMP CHIP', '', '', '1', 'CTNS', '12.50', 'per', 'CTNS', '0.000', '12.50']
['', '', '3.3 OZ X', '12 BAGS', '', '11.00', 'CTNS', '', '', '', '0.000', '11.00']
['', '', '', '', '', '', '', '', '', '', '', '1.50', '12.0']
['530', 'CO255G', 'GARDEN LEMON WAFER', '', '', '1', 'CTNS', '24.50', 'per', 'CTNS', '0.000', '24.50']
['', '', '7 OZ X', '24 BAGS', '', '24.00', 'CTNS', '', '', '', '0.000', '24.00']
['', '', '', '', '', '', '', '', '', '', '', '0.50', '2.0']
['', '', '', '', '', '', '', '', '', '', '0.75', '11.5']
['570', 'UT818', 'PALLET', '', '', '1', 'CTNS', '6.50', 'per CTNS', '0.000', '6.50']
['', '', '', '', '', '', '', '', '', '', '2.25', '11.5']
['550', 'CH110', 'N-SHIM ONION RING', '', '', '1', 'CTNS', '19.50', 'per CTNS', '0.000', '19.50']
['Invoice', '#:', '769290', 'Invoice date:', '09/24/18', 'Customer: HUONG', 'HUONG QUE MARKET', 'Sales rep:', '7']
['550', 'CH110', 'N-SHIM ONION RING', '', '', '1', 'CTNS', '19.50', 'per CTNS', '0.000', '19.50']
['', '', '3.17 OZ X', '20', '', '17.25', 'CTNS', '', '', '0.000', '17.25']
['', '', '', '', '', '', '', '', '', '', '2.25', '11.5']
['560', 'NO114', 'SA GIANG BROWN RICE VERMI', '', '', '1', 'CTNS', '24.00', 'per CTNS', '0.000', '24.00']
['', '', '7 OZ X', '30 BUN GAO LUC', '', '0.00', 'CTNS', '', '', '0.000', '0.00']
['', '', '', '', '', '', '', '', '', '', '24.00', '100.0']
['570', 'UT818', 'PALLET', '', '', '1', 'CTNS', '6.50', 'per CTNS', '0.000', '6.50']
['', '', 'EACH', '', '', '5.75', 'CTNS', '', '', '0.000', '5.75']
['', '', '', '', '', '', '', '', '', '', '0.75', '11.5']
['', '', '', '', '', '', '', '', 'Invoice totals:', '', '4055.75']
['', '', '', '', '', '', '', '', '', '', '3205.27']
['', '', '', '', '', '', '', '', '', '', '850.48', '21.0']
['', '', '', '', '', '', '', '', '', '', '', '', '9.02', '22.6']
['140', 'FD105C', 'FOCO ROAST. COCONUT JUICE', '', '', '', '2', 'CTNS', '20.00', 'per', 'CTNS', '0.000', '40.00']
['', '', '', '', '', '', '', '', '', '', '', '', '4.00', '8.0']
['120', 'RS231', 'NG FUNG FINE VERM.bun', '', '', '*S*', '1', 'CTNS', '50.00', 'per', 'CTNS', '0.000', '50.00']
['', '', '', '', '', '', '', '', '', '', '', '', '10.70', '27.1']
['100', 'CO350', 'LOTTE CUSTARD CAKE', '', '*S*', '', '2', 'CTNS', '19.75', 'per', 'CTNS', '0.000', '39.50']
['', '', '', '', '', '', '', '', '', '', '', '', '3.00', '10.7']
['80', 'CO251', 'ELLSE LAYER VANILLA CAKE', '', '', '', '1', 'CTNS', '28.00', 'per', 'CTNS', '0.000', '28.00']
['', '', '', '', '', '', '', '', '', '', '', '', '6.50', '22.0']
['30', 'FD105B', 'FOCO ROAST. COCONUT JUICE', '', '', '', '2', 'CTNS', '14.75', 'per CTNS', '', '0.000', '29.50']
['Invoice', '#:', '769291', 'Invoice date:', '09/24/18', 'Customer: ASIANA', 'ASIAN AMERICAN MARKET,LLC', 'Sales rep:', '7']
['90', 'CO252', 'ELLSE LAYER BANANA CAKE', '', '', '', '1', 'CTNS', '28.00', 'per', 'CTNS', '0.000', '28.00']
['', '', '15 G/12 PK/24 PCS', '', '[H8b]', '', '25.00', 'CTNS', '', '', '', '0.000', '25.00']
['', '', '', '', '', '', '', '', '', '', '', '', '3.00', '10.7']
['100', 'CO350', 'LOTTE CUSTARD CAKE', '', '*S*', '', '2', 'CTNS', '19.75', 'per', 'CTNS', '0.000', '39.50']
['', '', '144g X', '12 bx', '', '', '14.40', 'CTNS', '', '', '', '0.000', '28.80']
['', '', '', '', '', '', '', '', '', '', '', '', '10.70', '27.1']
['110', 'RI211C', '3 LADY SWEET RICE', '', '5 LBS', '', '1', 'CNTS', '42.00', 'per', 'CNTS', '0.000', '42.00']
['', '', '5 LBS X', '10 BAGS', '', '', '37.00', 'CNTS', '', '', '', '0.000', '37.00']
['', '', '', '', '', '', '', '', '', '', '', '', '5.00', '11.9']
['120', 'RS231', 'NG FUNG FINE VERM.bun', '', '', '*S*', '1', 'CTNS', '50.00', 'per', 'CTNS', '0.000', '50.00']
['', '', '10.5/60', 'giang tay', '', 'I32', '46.00', 'CTNS', '', '', '', '0.000', '46.00']
['', '', '', '', '', '', '', '', '', '', '', '', '4.00', '8.0']
['130', 'NO396', 'INDO MI GORENG NOODLE', '', '', '', '2', 'CTNS', '8.90', 'per', 'CTNS', '0.000', '17.80']
['', '', '2.8 OZ X', '30 BAGS', '', '', '7.85', 'CTNS', '', '', '', '0.000', '15.70']
['', '', '', '', '', '', '', '', '', '', '', '', '2.10', '11.8']
['140', 'FD105C', 'FOCO ROAST. COCONUT JUICE', '', '', '', '2', 'CTNS', '20.00', 'per', 'CTNS', '0.000', '40.00']
['', '', '17.6 OZ/24 CRV002', '', '10+1', '', '15.49', 'CTNS', '', '', '', '0.000', '30.98']
['', '', '', '', '', '', '', '', '', '', '', '', '9.02', '22.6']
['160', 'BM100', 'B.BEAN SNACK (U ZA NA)', '', '', '', '1', 'CTNS', '75.00', 'per', 'CTNS', '0.000', '75.00']
['', '', '2.11 OZ X', '10 X', '20 BAGS', '', '65.00', 'CTNS', '', '', '', '0.000', '65.00']
['', '', '', '', '', '', '', '', '', '', '', '', '10.00', '13.3']
['', '', '', '', '', '', '', '', '', '', '', '17.28', '33.9']
['270', 'FD163', 'SAPPE ALOE VERA', '', '*GRAPE*', '3', 'CTNS', '17.00', 'per', 'CTNS', '0.000', '51.00']
['', '', '', '', '', '', '', '', '', '', '', '3.00', '10.7']
['250', 'CO253A', 'ELLSE LAYER COCONUT CAKE', '', '', '1', 'CTNS', '28.00', 'per', 'CTNS', '0.000', '28.00']
['', '', '', '', '', '', '', '', '', '', '', '10.00', '15.4']
['230', 'FD118', 'LACTASOY SOY MILK ppbox', '', '', '5', 'CTNS', '13.00', 'per', 'CTNS', '0.000', '65.00']
['', '', '', '', '', '', '', '', '', '', '', '2.50', '10.2']
['210', 'CO113A', 'BIN BIN COCONUT MILK RICE', '', '', '1', 'CTNS', '24.50', 'per', 'CTNS', '0.000', '24.50']
['', '', '', '', '', '', '', '', '', '', '', '12.50', '13.9']
['190', 'CO245', 'EURO STRAWBERRY CAKE', '', '', '5', 'CTNS', '18.00', 'per CTNS', '', '0.000', '90.00']
['Invoice', '#:', '769291', 'Invoice date:', '09/24/18', 'Customer: ASIANA', 'ASIAN AMERICAN MARKET,LLC', 'Sales rep:', '7']
['220', 'FD191', 'VITAMILK SOY MILK', '', '', '5', 'CTNS', '14.00', 'per', 'CTNS', '0.000', '70.00']
['', '', '300 ML/24 BT', '', '[E32] CRV006', '12.00', 'CTNS', '', '', '', '0.000', '60.00']
['', '', '', '', '', '', '', '', '', '', '', '10.00', '14.3']
['230', 'FD118', 'LACTASOY SOY MILK ppbox', '', '', '5', 'CTNS', '13.00', 'per', 'CTNS', '0.000', '65.00']
['', '', '(200mlx6) X', '6 PACK', '', '11.00', 'CTNS', '', '', '', '0.000', '55.00']
['', '', '', '', '', '', '', '', '', '', '', '10.00', '15.4']
['240', 'TE330B', 'GOLD KILI INST GINGER BAG', '', '', '1', 'CTNS', '74.00', 'per', 'CTNS', '0.000', '74.00']
['', '', '12.6 OZ', '(20 TBAG) X', '24 BG', '67.00', 'CTNS', '', '', '', '0.000', '67.00']
['', '', '', '', '', '', '', '', '', '', '', '7.00', '9.5']
['250', 'CO253A', 'ELLSE LAYER COCONUT CAKE', '', '', '1', 'CTNS', '28.00', 'per', 'CTNS', '0.000', '28.00']
['', '', '15 G/12 PK/24 PCS', '', '', '25.00', 'CTNS', '', '', '', '0.000', '25.00']
['', '', '', '', '', '', '', '', '', '', '', '3.00', '10.7']
['260', 'BM100A', 'B.PICKED TEA (YU ZA NA)', '', '', '1', 'CTNS', '125.00', 'per', 'CTNS', '0.000', '125.00']
['', '', '17.46 OZ X', '36 BOX', '', '110.00', 'CTNS', '', '', '', '0.000', '110.00']
['', '', '', '', '', '', '', '', '', '', '', '15.00', '12.0']
['270', 'FD163', 'SAPPE ALOE VERA', '', '*GRAPE*', '3', 'CTNS', '17.00', 'per', 'CTNS', '0.000', '51.00']
['', '', '10.5 OZ X', '24 BT DRINK', '5+1', '11.24', 'CTNS', '', '', '', '0.000', '33.72']
['', '', '', '', '', '', '', '', '', '', '', '17.28', '33.9']
['280', 'FD163B', 'SAPPE ALOE VERA', '', '*APPLE*', '2', 'CTNS', '17.00', 'per', 'CTNS', '0.000', '34.00']
['', '', '10.5 OZ X', '24 BT DRINK', '5+1', '11.24', 'CTNS', '', '', '', '0.000', '22.48']
['', '', '', '', '', '', '', '', '', '', '', '11.52', '33.9']
['', '', '', '', '', '', '', '', '', '', '', '5.20', '10.0']
['450', 'CO157', 'HELLO PANDA CHOCOLATE', '', '', '1', 'CTNS', '52.00', 'per', 'CTNS', '0.000', '52.00']
['', '', '', '', '', '', '', '', '', '', '', '12.00', '7.6']
['380', 'FR827', 'SHRIMP H/O', '30/40 CHAMPMAR', '', '1', 'CTNS', '158.00', 'per', 'CTNS', '0.000', '158.00']
['', '', '', '', '', '', '', '', '', '', '', '2.60', '9.2']
['350', 'FD120', 'MR BROWN COFFEE', '', '[D27]', '2', 'CTNS', '14.10', 'per', 'CTNS', '0.000', '28.20']
['', '', '', '', '', '', '', '', '', '', '', '2.00', '10.5']
['310', 'CA224', 'KOPIKO CAPUCINO CANDY (B)', '', '', '1', 'CTNS', '19.00', 'per', 'CTNS', '0.000', '19.00']
['', '', '', '', '', '', '', '', '', '', '', '14.00', '21.2']
['290', 'VE132', 'KASET BEAN THREAD', '', '*THAI*', '1', 'CTNS', '66.00', 'per CTNS', '', '0.000', '66.00']
['Invoice', '#:', '769291', 'Invoice date:', '09/24/18', 'Customer: ASIANA', 'ASIAN AMERICAN MARKET,LLC', 'Sales rep:', '7']
['330', 'CC130', 'CHAOKOH COCONUT MILK', '', '13.5', '1', 'CTNS', '25.00', 'per', 'CTNS', '0.000', '25.00']
['', '', '13.5 OZ X', '24 CANS', '', '23.00', 'CTNS', '', '', '', '0.000', '23.00']
['', '', '', '', '', '', '', '', '', '', '', '2.00', '8.0']
['350', 'FD120', 'MR BROWN COFFEE', '', '[D27]', '2', 'CTNS', '14.10', 'per', 'CTNS', '0.000', '28.20']
['', '', '8.12 OZ X', '24 CAN', 'CRV002', '12.80', 'CTNS', '', '', '', '0.000', '25.60']
['', '', '', '', '', '', '', '', '', '', '', '2.60', '9.2']
['370', 'FD340', 'TASTE NIRVANA THAI TEA-B', '', '', '1', 'CTNS', '20.50', 'per', 'CTNS', '0.000', '20.50']
['', '', '9.5 OZ X', '24 BT', '[E34] CRV6', '18.25', 'CTNS', '', '', '', '0.000', '18.25']
['', '', '', '', '', '', '', '', '', '', '', '2.25', '11.0']
['380', 'FR827', 'SHRIMP H/O', '30/40 CHAMPMAR', '', '1', 'CTNS', '158.00', 'per', 'CTNS', '0.000', '158.00']
['', '', '10/4lb ECUADOR', '', '$3.95/lb', '146.00', 'CTNS', '', '', '', '0.000', '146.00']
['', '', '', '', '', '', '', '', '', '', '', '12.00', '7.6']
['390', 'FR827DD', 'SHRIMP HLSO', '31/35', '', '2', 'CTNS', '102.00', 'per', 'CTNS', '0.000', '204.00']
['', '', '6/4lb', 'MARCOL', '$4.25/lb', '78.00', 'CTNS', '', '', '', '0.000', '156.00']
['', '', '', '', '', '', '', '', '', '', '', '48.00', '23.5']
['450', 'CO157', 'HELLO PANDA CHOCOLATE', '', '', '1', 'CTNS', '52.00', 'per', 'CTNS', '0.000', '52.00']
['', '', '2 OZ/80 BX', 'COOKIES', '[H5b]', '46.80', 'CTNS', '', '', '', '0.000', '46.80']
['', '', '', '', '', '', '', '', '', '', '', '5.20', '10.0']
['460', 'DD141', 'VT BOT BANH XEO', '', '', '1', 'CTNS', '22.00', 'per', 'CTNS', '0.000', '22.00']
['', '', '14 OZ X', '30', '', '16.21', 'CTNS', '', '', '', '0.000', '16.21']
['', '', '', '', '', '', '', '', '', '', '', '5.79', '26.3']
['', '', '', '', '', '', '', '', '', '1.75', '23.3']
['540', 'UT818', 'PALLET', '', '1', 'CTNS', '7.50', 'per CTNS', '0.000', '7.50']
['', '', '', '', '', '', '', '', '', '2.00', '12.5']
['510', 'NT101', 'SHJ. GARLIC GREEN PEAS', '', '1', 'CTNS', '16.00', 'per CTNS', '0.000', '16.00']
['', '', '', '', '', '', '', '', '', '2.50', '6.9']
['490', 'FS220', '3 CRAB FISH SAUCE', '', '1', 'CTNS', '36.00', 'per CTNS', '0.000', '36.00']
['Invoice', '#:', '769291', 'Invoice date:', '09/24/18', 'Customer: ASIANA', 'ASIAN AMERICAN MARKET,LLC', 'Sales rep:', '7']
['500', 'MS100', 'AJINOMOTO MSG', '3 LBS', '2', 'CTNS', '74.00', 'per CTNS', '0.000', '148.00']
['', '', '3 LBS X', '16 BAGS', '65.90', 'CTNS', '', '', '0.000', '131.80']
['', '', '', '', '', '', '', '', '', '16.20', '10.9']
['510', 'NT101', 'SHJ. GARLIC GREEN PEAS', '', '1', 'CTNS', '16.00', 'per CTNS', '0.000', '16.00']
['', '', '8.46 OZ X', '10 BAGS', '14.00', 'CTNS', '', '', '0.000', '14.00']
['', '', '', '', '', '', '', '', '', '2.00', '12.5']
['530', 'FR826B', 'FRESH WATER SHRIMP', '4-6', '1', 'CTNS', '132.00', 'per CTNS', '0.000', '132.00']
['', '', '2lbs/10 tom cang', '$6.60/lb', '116.00', 'CTNS', '', '', '0.000', '116.00']
['', '', '', '', '', '', '', '', '', '16.00', '12.1']
['540', 'UT818', 'PALLET', '', '1', 'CTNS', '7.50', 'per CTNS', '0.000', '7.50']
['', '', 'EACH', '', '5.75', 'CTNS', '', '', '0.000', '5.75']
['', '', '', '', '', '', '', '', '', '1.75', '23.3']
['', '', '', '', '', '', '', 'Invoice totals:', '', '2244.00']
['', '', '', '', '', '', '', '', '', '1931.33']
['', '', '', '', '', '', '', '', '', '312.67', '13.9']
['', '', '', '', '', '', '', '', '', '', '', '14.00', '9.3']
['110', 'PW239', 'TOTOLE CHICKEN BOUILLON S', '', '', '2', 'CTNS', '75.00', 'per', 'CTNS', '0.000', '150.00']
['', '', '', '', '', '', '', '', '', '', '', '16.20', '10.9']
['90', 'MS100', 'AJINOMOTO MSG', '3 LBS', '', '2', 'CTNS', '74.00', 'per', 'CTNS', '0.000', '148.00']
['', '', '', '', '', '', '', '', '', '', '', '4.50', '9.0']
['70', 'KS226', 'SK BOT NGHE', '16 OZ (CHAI)', '', '1', 'CTNS', '50.00', 'per', 'CTNS', '0.000', '50.00']
['', '', '', '', '', '', '', '', '', '', '', '9.23', '26.4']
['50', 'FP140B', 'PANTAI MAM NEM (S)', '', '', '1', 'CTNS', '35.00', 'per', 'CTNS', '0.000', '35.00']
['', '', '', '', '', '', '', '', '', '', '', '12.00', '8.7']
['30', 'NO470', 'VIFON CHAO CA', '*BOWL*', '', '3', 'CTNS', '46.00', 'per CTNS', '', '0.000', '138.00']
['Invoice', '#:', '769292', 'Invoice date:', '09/24/18', 'Customer: NEWD', 'NEW DISCOUNT MARKET', 'Sales rep:', '7']
['60', 'SS154', 'MAEKRUA OYSTER SAUCE', '', '*S*', '2', 'CTNS', '16.00', 'per', 'CTNS', '0.000', '32.00']
['', '', '10 OZ X', '12 BT', '[H20]', '14.00', 'CTNS', '', '', '', '0.000', '28.00']
['', '', '', '', '', '', '', '', '', '', '', '4.00', '12.5']
['70', 'KS226', 'SK BOT NGHE', '16 OZ (CHAI)', '', '1', 'CTNS', '50.00', 'per', 'CTNS', '0.000', '50.00']
['', '', '16 OZ X', '12 BT', '[G7b]', '45.50', 'CTNS', '', '', '', '0.000', '45.50']
['', '', '', '', '', '', '', '', '', '', '', '4.50', '9.0']
['80', 'MS101', 'AJINOMOTO MSG (BAGS)', '', '', '2', 'CTNS', '77.00', 'per', 'CTNS', '0.000', '154.00']
['', '', '16 OZ X', '48 BAGS', '[C30]', '68.10', 'CTNS', '', '', '', '0.000', '136.20']
['', '', '', '', '', '', '', '', '', '', '', '17.80', '11.6']
['90', 'MS100', 'AJINOMOTO MSG', '3 LBS', '', '2', 'CTNS', '74.00', 'per', 'CTNS', '0.000', '148.00']
['', '', '3 LBS X', '16 BAGS', '', '65.90', 'CTNS', '', '', '', '0.000', '131.80']
['', '', '', '', '', '', '', '', '', '', '', '16.20', '10.9']
['100', 'PW239A', 'TOTOLE CHICKEN BOUILLON L', '', '', '2', 'CTNS', '76.50', 'per', 'CTNS', '0.000', '153.00']
['', '', '2.2 LBS X', '12 CAN', '', '70.00', 'CTNS', '', '', '', '0.000', '140.00']
['', '', '', '', '', '', '', '', '', '', '', '13.00', '8.5']
['110', 'PW239', 'TOTOLE CHICKEN BOUILLON S', '', '', '2', 'CTNS', '75.00', 'per', 'CTNS', '0.000', '150.00']
['', '', '16 OZ X', '24 CAN', '', '68.00', 'CTNS', '', '', '', '0.000', '136.00']
['', '', '', '', '', '', '', '', '', '', '', '14.00', '9.3']
['140', 'CO247', 'EURO PANDAN CAKE', '', '', '2', 'CTNS', '18.00', 'per', 'CTNS', '0.000', '36.00']
['', '', '6 PCS X', '12 BOX', '', '15.50', 'CTNS', '', '', '', '0.000', '31.00']
['', '', '', '', '', '', '', '', '', '', '', '5.00', '13.9']
['', '', '', '', '', '', '', '', '', '', '', '', '', '9.00', '13.2']
['260', 'PW126', 'NESTLE MILO', '', '', '6 TIN', '', '1', 'CTNS', '68.00', 'per', 'CTNS', '0.000', '68.00']
['', '', '', '', '', '', '', '', '', '', '', '', '', '20.00', '9.5']
['220', 'FD192', 'MLS COCONUT SAGO DESSERT', '', '', '', '', '10', 'CTNS', '21.00', 'per', 'CTNS', '0.000', '210.00']
['', '', '', '', '', '', '', '', '', '', '', '', '', '21.00', '20.0']
['200', 'CO357', 'LOTTE CHOCO PIE S', '', '', '(6 PC)', '', '5', 'CTNS', '21.00', 'per', 'CTNS', '0.000', '105.00']
['', '', '', '', '', '', '', '', '', '', '', '', '', '9.00', '10.7']
['180', 'CO252', 'ELLSE LAYER BANANA CAKE', '', '', '', '', '3', 'CTNS', '28.00', 'per', 'CTNS', '0.000', '84.00']
['', '', '', '', '', '', '', '', '', '', '', '', '', '12.50', '13.9']
['160', 'CO245', 'EURO STRAWBERRY CAKE', '', '', '', '', '5', 'CTNS', '18.00', 'per CTNS', '', '0.000', '90.00']
['Invoice', '#:', '769292', 'Invoice date:', '09/24/18', 'Customer: NEWD', 'NEW DISCOUNT MARKET', 'Sales rep:', '7']
['190', 'CO350', 'LOTTE CUSTARD CAKE', '', '', '*S*', '', '5', 'CTNS', '19.75', 'per', 'CTNS', '0.000', '98.75']
['', '', '144g X', '12 bx', '', '', '', '14.40', 'CTNS', '', '', '', '0.000', '72.00']
['', '', '', '', '', '', '', '', '', '', '', '', '', '26.75', '27.1']
['200', 'CO357', 'LOTTE CHOCO PIE S', '', '', '(6 PC)', '', '5', 'CTNS', '21.00', 'per', 'CTNS', '0.000', '105.00']
['', '', '28g/6pc/16bx', '', '', '', '', '16.80', 'CTNS', '', '', '', '0.000', '84.00']
['', '', '', '', '', '', '', '', '', '', '', '', '', '21.00', '20.0']
['210', 'FD300', 'COCON YOGO ICE W/ MILK', '', '', '', '', '2', 'CTNS', '16.50', 'per', 'CTNS', '0.000', '33.00']
['', '', '10 PCS', '/', '16 BAG', '& JUICE', '', '14.50', 'CTNS', '', '', '', '0.000', '29.00']
['', '', '', '', '', '', '', '', '', '', '', '', '', '4.00', '12.1']
['220', 'FD192', 'MLS COCONUT SAGO DESSERT', '', '', '', '', '10', 'CTNS', '21.00', 'per', 'CTNS', '0.000', '210.00']
['', '', '8.8 OZ X', '', '30', '', '', '19.00', 'CTNS', '', '', '', '0.000', '190.00']
['', '', '', '', '', '', '', '', '', '', '', '', '', '20.00', '9.5']
['250', 'COF109C', 'TRUNG NGUYEN COFEE', '', '', '', '*20PK', '2', 'CTNS', '48.00', 'per', 'CTNS', '0.000', '96.00']
['', '', '20TB X', '24', '3in1', '*TT*', '10+1', '34.50', 'CTNS', '', '', '', '0.000', '69.00']
['', '', '', '', '', '', '', '', '', '', '', '', '', '27.00', '28.1']
['260', 'PW126', 'NESTLE MILO', '', '', '6 TIN', '', '1', 'CTNS', '68.00', 'per', 'CTNS', '0.000', '68.00']
['', '', '1.5 KG X', '', '6 TIN', '', '[D19]', '59.00', 'CTNS', '', '', '', '0.000', '59.00']
['', '', '', '', '', '', '', '', '', '', '', '', '', '9.00', '13.2']
['270', 'PW125', 'NESTLE MILO POWDER', '', '', '', '', '1', 'CTNS', '90.00', 'per', 'CTNS', '0.000', '90.00']
['', '', '14 OZ X', '', '24 CAN', '', 'may/2019', '79.00', 'CTNS', '', '', '', '0.000', '79.00']
['', '', '', '', '', '', '', '', '', '', '', '', '', '11.00', '12.2']
['', '', '', '', '', '', '', '', '', '', '', '1.75', '23.3']
['350', 'UT818', 'PALLET', '', '', '', '1', 'CTNS', '7.50', 'per CTNS', '0.000', '7.50']
['', '', '', '', '', '', '', '', '', '', '', '17.04', '47.3']
['330', 'PC211', 'NP COC CHUA NGOT', '', '*NP021*', '', '1', 'CTNS', '36.00', 'per CTNS', '0.000', '36.00']
['', '', '', '', '', '', '', '', '', '', '', '6.00', '23.1']
['290', 'ED141', "HALE'S BLUE BOY", '', '*GREEN*', '', '1', 'CTNS', '26.00', 'per CTNS', '0.000', '26.00']
['Invoice', '#:', '769292', 'Invoice date:', '09/24/18', 'Customer: NEWD', 'NEW DISCOUNT MARKET', 'Sales rep:', '7']
['310', 'PW104B', 'LAL POLOKU MUSHROOM', '', '', '', '1', 'CTNS', '55.00', 'per CTNS', '0.000', '55.00']
['', '', '500 G X', '', '12 BAGS SEASONING', '', '36.50', 'CTNS', '', '', '0.000', '36.50']
['', '', '', '', '', '', '', '', '', '', '', '18.50', '33.6']
['330', 'PC211', 'NP COC CHUA NGOT', '', '*NP021*', '', '1', 'CTNS', '36.00', 'per CTNS', '0.000', '36.00']
['', '', '30 OZ X', '', '12 JARS AMBARELLA', '', '18.96', 'CTNS', '', '', '0.000', '18.96']
['', '', '', '', '', '', '', '', '', '', '', '17.04', '47.3']
['340', 'FS107A', 'CBH NUOC MAM PHA SAN', '', '', '', '1', 'CTNS', '32.00', 'per CTNS', '0.000', '32.00']
['', '', '650 ML X', '', '12 BTL', '', '0.00', 'CTNS', '', '', '0.000', '0.00']
['', '', '', '', '', '', '', '', '', '', '', '32.00', '100.0']
['350', 'UT818', 'PALLET', '', '', '', '1', 'CTNS', '7.50', 'per CTNS', '0.000', '7.50']
['', '', 'EACH', '', '', '', '5.75', 'CTNS', '', '', '0.000', '5.75']
['', '', '', '', '', '', '', '', '', '', '', '1.75', '23.3']
['', '', '', '', '', '', '', '', '', 'Invoice totals:', '', '3185.25']
['', '', '', '', '', '', '', '', '', '', '', '2757.08']
['', '', '', '', '', '', '', '', '', '', '', '428.17', '13.4']
['', '', '', '', '', '', '', '', '', '', '', '', '', '', '', '12.00', '15.8']
['130', 'MI120', '', 'BLACK & WHITE COND. MILK', '', '', '', '', '2', 'CTNS', '', '38.00', 'per', 'CTNS', '0.000', '76.00']
['', '', '', '', '', '', '', '', '', '', '', '', '', '', '', '12.00', '10.8']
['110', 'CC120', '', 'MAE PLOY COCONUT CREAM', '', '', '', '', '3', 'CTNS', '', '37.00', 'per', 'CTNS', '0.000', '111.00']
['', '', '', '', '', '', '', '', '', '', '', '', '', '', '', '7.00', '24.1']
['80', 'CF320', '', 'LAL JACKFRUIT SYRUP', '', '', '', '', '1', 'CTNS', '', '29.00', 'per', 'CTNS', '0.000', '29.00']
['', '', '', '', '', '', '', '', '', '', '', '', '', '', '', '5.00', '17.9']
['50', 'RS190C', '', 'BKK ELE RICE STIK', '', '', '', '10MM-XL', '1', 'CTNS', '', '28.00', 'per', 'CTNS', '0.000', '28.00']
['', '', '', '', '', '', '', '', '', '', '', '', '', '', '', '6.00', '11.5']
['30', 'NO160', '', 'EXCELLENT NOODLE', '', '', '', '*16 OZ*', '1', 'EACH', '', '52.00', 'per CTNS', '', '0.000', '52.00']
['Invoice', '#:', '769293', 'Invoice date:', '', '', '09/24/18', '', 'Customer: OMNE', '', 'ORIENTAL MARKET', '', '', 'Sales rep:', '7']
['60', 'RS104', '', 'MY THO BUN TUOI DAC BIET', '', '', '', '', '1', 'CTNS', '', '36.00', 'per', 'CTNS', '0.000', '36.00']
['', '', '', '2 LBS X', '18 BAG', '', '', '**10+1**', '25.99', 'CTNS', '', '', '', '', '0.000', '25.99']
['', '', '', '', '', '', '', '', '', '', '', '', '', '', '', '10.01', '27.8']
['80', 'CF320', '', 'LAL JACKFRUIT SYRUP', '', '', '', '', '1', 'CTNS', '', '29.00', 'per', 'CTNS', '0.000', '29.00']
['', '', '', '20 OZ X', '24 CANS', '', '', '', '22.00', 'CTNS', '', '', '', '', '0.000', '22.00']
['', '', '', '', '', '', '', '', '', '', '', '', '', '', '', '7.00', '24.1']
['100', 'BS240', '', 'LAL BBS TIP TIN', '', '', '', '*THAI*', '1', 'CTNS', '', '24.00', 'per', 'CTNS', '0.000', '24.00']
['', '', '', '44 LBS/ TIN', '', '', '', '', '15.95', 'CTNS', '', '', '', '', '0.000', '15.95']
['', '', '', '', '', '', '', '', '', '', '', '', '', '', '', '8.05', '33.5']
['110', 'CC120', '', 'MAE PLOY COCONUT CREAM', '', '', '', '', '3', 'CTNS', '', '37.00', 'per', 'CTNS', '0.000', '111.00']
['', '', '', '19 OZ X', '24 CANS', '', '', '', '33.00', 'CTNS', '', '', '', '', '0.000', '99.00']
['', '', '', '', '', '', '', '', '', '', '', '', '', '', '', '12.00', '10.8']
['120', 'CC130', '', 'CHAOKOH COCONUT MILK', '', '', '', '13.5', '3', 'CTNS', '', '25.00', 'per', 'CTNS', '0.000', '75.00']
['', '', '', '13.5 OZ X', '', '24 CANS', '', '', '23.00', 'CTNS', '', '', '', '', '0.000', '69.00']
['', '', '', '', '', '', '', '', '', '', '', '', '', '', '', '6.00', '8.0']
['130', 'MI120', '', 'BLACK & WHITE COND. MILK', '', '', '', '', '2', 'CTNS', '', '38.00', 'per', 'CTNS', '0.000', '76.00']
['', '', '', '14 OZ X', '24 CANS', '', '', '[C25]', '32.00', 'CTNS', '', '', '', '', '0.000', '64.00']
['', '', '', '', '', '', '', '', '', '', '', '', '', '', '', '12.00', '15.8']
['150', 'FS191', '', 'LUCKY FISH SAUCE', '', '', '', '', '2', 'CTNS', '', '8.50', 'per', 'CTNS', '0.000', '17.00']
['', '', '', '23 OZ X', '12 BT', '', '', '[F6]', '5.50', 'CTNS', '', '', '', '', '0.000', '11.00']
['', '', '', '', '', '', '', '', '', '', '', '', '', '', '', '6.00', '35.3']
['', '', '', '', '', '', '', '', '', '', '', '', '', '', '', '13.20', '10.2']
['260', 'FD150A', '', 'CHIN-C ALOE VERA JUICE S', '', '', '', '', '6', 'CTNS', '', '21.50', 'per', 'CTNS', '0.000', '129.00']
['', '', '', '', '', '', '', '', '', '', '', '', '', '', '', '5.35', '27.1']
['230', 'CO350', '', 'LOTTE CUSTARD CAKE', '', '', '', '*S*', '1', 'CTNS', '', '19.75', 'per', 'CTNS', '0.000', '19.75']
['', '', '', '', '', '', '', '', '', '', '', '', '', '', '', '22.00', '22.0']
['210', 'CI163A', '', 'LAL DRIED CHILLI', '', '', '', '5LB THAI', '1', 'CTNS', '', '100.00', 'per', 'CTNS', '0.000', '100.00']
['', '', '', '', '', '', '', '', '', '', '', '', '', '', '', '20.00', '10.3']
['190', 'CI130', '', 'BELL & FLOWER FRIED CHILI', '', '', '', '', '2', 'CTNS', '', '97.00', 'per', 'CTNS', '0.000', '194.00']
['', '', '', '', '', '', '', '', '', '', '', '', '', '', '', '3.00', '20.0']
['170', 'FS193', '', 'TIPAROS FISH SAUCE', '', '', '', '6 BTL', '1', 'CTNS', '', '15.00', 'per CTNS', '', '0.000', '15.00']
['Invoice', '#:', '769293', 'Invoice date:', '', '', '09/24/18', '', 'Customer: OMNE', '', 'ORIENTAL MARKET', '', '', 'Sales rep:', '7']
['200', 'MS104', '', 'VEDAN MSG', '', '50 LBS', '', '', '1', 'BAG', '', '63.00', 'per', 'BAG', '0.000', '63.00']
['', '', '', '50 LBS', '/ BAG', '', '', '', '57.00', 'BAG', '', '', '', '', '0.000', '57.00']
['', '', '', '', '', '', '', '', '', '', '', '', '', '', '', '6.00', '9.5']
['210', 'CI163A', '', 'LAL DRIED CHILLI', '', '', '', '5LB THAI', '1', 'CTNS', '', '100.00', 'per', 'CTNS', '0.000', '100.00']
['', '', '', '5 LBS X', '6 BAGS', '', '', '', '78.00', 'CTNS', '', '', '', '', '0.000', '78.00']
['', '', '', '', '', '', '', '', '', '', '', '', '', '', '', '22.00', '22.0']
['220', 'CO246', '', 'EURO CUSTARD CAKE', '', '', '', '', '2', 'CTNS', '', '18.00', 'per', 'CTNS', '0.000', '36.00']
['', '', '', '6 PCS X', '12 BOX', '', '', '[H11b]', '15.50', 'CTNS', '', '', '', '', '0.000', '31.00']
['', '', '', '', '', '', '', '', '', '', '', '', '', '', '', '5.00', '13.9']
['230', 'CO350', '', 'LOTTE CUSTARD CAKE', '', '', '', '*S*', '1', 'CTNS', '', '19.75', 'per', 'CTNS', '0.000', '19.75']
['', '', '', '144g X', '12 bx', '', '', '', '14.40', 'CTNS', '', '', '', '', '0.000', '14.40']
['', '', '', '', '', '', '', '', '', '', '', '', '', '', '', '5.35', '27.1']
['250', 'FD140', '', 'CHIN-C MIXED FRUIT JUICE', '', '', '', '', '4', 'CTNS', '', '14.00', 'per', 'CTNS', '0.000', '56.00']
['', '', '', '11 OZ/24 CANS', '', '', '[E12]', 'CRV2', '12.40', 'CTNS', '', '', '', '', '0.000', '49.60']
['', '', '', '', '', '', '', '', '', '', '', '', '', '', '', '6.40', '11.4']
['260', 'FD150A', '', 'CHIN-C ALOE VERA JUICE S', '', '', '', '', '6', 'CTNS', '', '21.50', 'per', 'CTNS', '0.000', '129.00']
['', '', '', '16.9 OZ X', '', '24 BT', '', 'CRV005', '19.30', 'CTNS', '', '', '', '', '0.000', '115.80']
['', '', '', '', '', '', '', '', '', '', '', '', '', '', '', '13.20', '10.2']
['270', 'FD341A', '', 'TASTE NIRVANA THAI TEA-C', '', '', '', '', '3', 'CTNS', '', '22.00', 'per', 'CTNS', '0.000', '66.00']
['', '', '', '16.2 OZ/24 CAN', '', '', '', 'CRV002', '20.25', 'CTNS', '', '', '', '', '0.000', '60.75']
['', '', '', '', '', '', '', '', '', '', '', '', '', '', '', '5.25', '8.0']
['', '', '', '', '', '', '', '', '', '', '', '', '', '', '', '1.75', '23.3']
['380', 'UT818', '', 'PALLET', '', '', '', '', '1', 'CTNS', '', '7.50', 'per', 'CTNS', '0.000', '7.50']
['', '', '', '', '', '', '', '', '', '', '', '', '', '', '', '4.70', '9.1']
['360', 'NO232', '', 'RAMA PAD THAI NOODLE', '', '', '', '1 LB', '2', 'CTNS', '', '25.75', 'per', 'CTNS', '0.000', '51.50']
['', '', '', '', '', '', '', '', '', '', '', '', '', '', '', '3.00', '9.1']
['340', 'GR306', '', 'Q-HUONG PORK SKIN', '', '', '', '*7OZ*', '1', 'CTNS', '', '33.00', 'per', 'CTNS', '0.000', '33.00']
['', '', '', '', '', '', '', '', '', '', '', '', '', '', '', '9.60', '9.9']
['310', 'UT612', '', 'TIGER RICE COOKER', '', '', '', '8 CUP', '1', 'EACH', '', '97.00', 'per', 'EACH', '0.000', '97.00']
['', '', '', '', '', '', '', '', '', '', '', '', '', '', '', '12.50', '11.4']
['290', 'ED103', '', 'M-150 DRINK bottle', '', '', '', '[C16]', '5', 'CTNS', '', '22.00', 'per CTNS', '', '0.000', '110.00']
['Invoice', '#:', '769293', 'Invoice date:', '', '', '09/24/18', '', 'Customer: OMNE', '', 'ORIENTAL MARKET', '', '', 'Sales rep:', '7']
['', '', '', '', '', '', '', '', '', '', '', '', '', '', '', '9.60', '9.9']
['330', 'UT700', '', 'RED ENVELOPE CHOPSTICK', '', '', '', '', '1', 'CTNS', '', '10.00', 'per', 'CTNS', '0.000', '10.00']
['', '', '', '1000 PAIR', '', '/CTNS', '', '', '8.75', 'CTNS', '', '', '', '', '0.000', '8.75']
['', '', '', '', '', '', '', '', '', '', '', '', '', '', '', '1.25', '12.5']
['340', 'GR306', '', 'Q-HUONG PORK SKIN', '', '', '', '*7OZ*', '1', 'CTNS', '', '33.00', 'per', 'CTNS', '0.000', '33.00']
['', '', '', '7 OZ X', '30', '*BI TUOI*', '', '411', '30.00', 'CTNS', '', '', '', '', '0.000', '30.00']
['', '', '', '', '', '', '', '', '', '', '', '', '', '', '', '3.00', '9.1']
['350', 'FR322', '', 'WEI-C EGG ROLL SHELL', '', '', '', '', '3', 'CTNS', '', '39.00', 'per', 'CTNS', '0.000', '117.00']
['', '', '', '11 OZ', '(25 PCS) X', '', '', '40 BAGS', '34.00', 'CTNS', '', '', '', '', '0.000', '102.00']
['', '', '', '', '', '', '', '', '', '', '', '', '', '', '', '15.00', '12.8']
['360', 'NO232', '', 'RAMA PAD THAI NOODLE', '', '', '', '1 LB', '2', 'CTNS', '', '25.75', 'per', 'CTNS', '0.000', '51.50']
['', '', '', '16 OZ X', '30 BAG', '', '', '', '23.40', 'CTNS', '', '', '', '', '0.000', '46.80']
['', '', '', '', '', '', '', '', '', '', '', '', '', '', '', '4.70', '9.1']
['370', 'FR152', '', 'LAF BA KHIA (AN LIEN)', '', '', '', '', '1', 'CTNS', '', '108.00', 'per', 'CTNS', '0.000', '108.00']
['', '', '', '14OZX40', '', '*LAL FARM* YELLOW', '', '', '74.09', 'CTNS', '', '', '', '', '0.000', '74.09']
['', '', '', '', '', '', '', '', '', '', '', '', '', '', '', '33.91', '31.4']
['380', 'UT818', '', 'PALLET', '', '', '', '', '1', 'CTNS', '', '7.50', 'per', 'CTNS', '0.000', '7.50']
['', '', '', 'EACH', '', '', '', '', '5.75', 'CTNS', '', '', '', '', '0.000', '5.75']
['', '', '', '', '', '', '', '', '', '', '', '', '', '', '', '1.75', '23.3']
['Invoice', '#:', '769293', 'Invoice date:', '09/24/18', 'Customer: OMNE', 'ORIENTAL MARKET', 'Sales rep:', '7']
['Seq# Item/Svc', '#', 'Description-1', 'Qty-shipped', 'Unit price', 'Lin-disc%', 'Ext-price']
['', '', 'Description-2', 'Unit cost', '', 'Ord-disc%', 'Ext-cost']
['', '', '', '', '', '', 'Gross-margin', 'Margin-%']
['', '', '', '', '', 'Invoice totals:', '1923.15']
['', '', '', '', '', '', '1644.55']
['', '', '', '', '', '', '278.60', '14.5']
['', '', '', '', '', '', '', '', '', '', '', '', '5.00', '9.6']
['110', 'FJ105', '', 'ABC GIRL JELLY PUDDING', '', '', '2', 'CTNS', '26.00', 'per', 'CTNS', '0.000', '52.00']
['', '', '', '', '', '', '', '', '', '', '', '', '9.00', '10.7']
['90', 'CO253A', '', 'ELLSE LAYER COCONUT CAKE', '', '', '3', 'CTNS', '28.00', 'per', 'CTNS', '0.000', '84.00']
['', '', '', '', '', '', '', '', '', '', '', '', '6.00', '10.7']
['70', 'CO251', '', 'ELLSE LAYER VANILLA CAKE', '', '', '2', 'CTNS', '28.00', 'per', 'CTNS', '0.000', '56.00']
['', '', '', '', '', '', '', '', '', '', '', '', '19.25', '33.2']
['50', 'CO159B', 'POCKY CHOCO & BANANA', '', '', '', '1', 'CTNS', '58.00', 'per', 'CTNS', '0.000', '58.00']
['', '', '', '', '', '', '', '', '', '', '', '', '3.00', '10.7']
['30', 'CO158A', '', 'HELLO KITTY STRAWBERRY', '', '', '1', 'CTNS', '28.00', 'per CTNS', '', '0.000', '28.00']
['Invoice', '#:', '769294', 'Invoice date:', '09/24/18', 'Customer: SHWE', 'SHWE NYIKO MARKET', 'Sales rep:', '7']
['60', 'CO250', '', 'ELLSE LAYER PANDAN CAKE', '', '', '2', 'CTNS', '28.00', 'per', 'CTNS', '0.000', '56.00']
['', '', '15 G/12 PACK/24 PCS', '', '', '[H8b]', '25.00', 'CTNS', '', '', '', '0.000', '50.00']
['', '', '', '', '', '', '', '', '', '', '', '', '6.00', '10.7']
['70', 'CO251', '', 'ELLSE LAYER VANILLA CAKE', '', '', '2', 'CTNS', '28.00', 'per', 'CTNS', '0.000', '56.00']
['', '', '15 G/12 PK/24 PCS', '', '', '[H7b]', '25.00', 'CTNS', '', '', '', '0.000', '50.00']
['', '', '', '', '', '', '', '', '', '', '', '', '6.00', '10.7']
['80', 'CO252', '', 'ELLSE LAYER BANANA CAKE', '', '', '2', 'CTNS', '28.00', 'per', 'CTNS', '0.000', '56.00']
['', '', '15 G/12 PK/24 PCS', '', '', '[H8b]', '25.00', 'CTNS', '', '', '', '0.000', '50.00']
['', '', '', '', '', '', '', '', '', '', '', '', '6.00', '10.7']
['90', 'CO253A', '', 'ELLSE LAYER COCONUT CAKE', '', '', '3', 'CTNS', '28.00', 'per', 'CTNS', '0.000', '84.00']
['', '', '15 G/12 PK/24 PCS', '', '', '', '25.00', 'CTNS', '', '', '', '0.000', '75.00']
['', '', '', '', '', '', '', '', '', '', '', '', '9.00', '10.7']
['100', 'CO280B', 'LAYER CAKE BUTTER', '', '', '', '1', 'CTNS', '37.00', 'per', 'CTNS', '0.000', '37.00']
['', '', '36 trays x', '', '8 pcs', '[H16b]', '33.00', 'CTNS', '', '', '', '0.000', '33.00']
['', '', '', '', '', '', '', '', '', '', '', '', '4.00', '10.8']
['110', 'FJ105', '', 'ABC GIRL JELLY PUDDING', '', '', '2', 'CTNS', '26.00', 'per', 'CTNS', '0.000', '52.00']
['', '', '42.96 OZ X', '', '6 BOTTLE', '', '23.50', 'CTNS', '', '', '', '0.000', '47.00']
['', '', '', '', '', '', '', '', '', '', '', '', '5.00', '9.6']
['130', 'FP206', 'NP MAM TOM BAC', '', '*', '', '1', 'EACH', '58.00', 'per', 'CTNS', '0.000', '58.00']
['', '', '14 OZ', '(400 GR) X', '24', '', '37.92', 'EACH', '', '', '', '0.000', '37.92']
['', '', '', '', '', '', '', '', '', '', '', '', '20.08', '34.6']
['', '', '', '', '', '', '', '', '', '', '', '', '1.75', '23.3']
['330', 'UT818', 'PALLET', '', '', '', '1', 'CTNS', '7.50', 'per', 'CTNS', '0.000', '7.50']
['', '', '', '', '', '', '', '', '', '', '', '', '3.75', '11.9']
['290', 'NO238', 'OH RICEY HU TIEU', '', '24 BAG', '', '1', 'BDL', '31.50', 'per', 'BDL', '0.000', '31.50']
['', '', '', '', '', '', '', '', '', '', '', '', '3.50', '8.0']
['220', 'FD341A', 'TASTE NIRVANA THAI TEA-C', '', '', '', '2', 'CTNS', '22.00', 'per', 'CTNS', '0.000', '44.00']
['', '', '', '', '', '', '', '', '', '', '', '', '4.00', '9.1']
['180', 'RS143A', 'NG FUNG BUN BO HUE', '', '', '5X8', '1', 'CTNS', '44.00', 'per', 'CTNS', '0.000', '44.00']
['', '', '', '', '', '', '', '', '', '', '', '', '19.36', '23.6']
['150', 'FP208A', 'NP MAM CA SAC XAY', '', '*VN*', '', '1', 'CTNS', '82.00', 'per CTNS', '0.000', '82.00']
['Invoice', '#:', '769294', 'Invoice date:', '09/24/18', 'Customer: SHWE', 'SHWE NYIKO MARKET', 'Sales rep:', '7']
['', '', '', '', '', '', '', '', '', '', '', '', '4.00', '9.1']
['190', 'SS190D', 'MAGGI SOYSAUCE VN DARK LG', '', '', '', '1', 'CTNS', '22.00', 'per', 'CTNS', '0.000', '22.00']
['', '', '700ML X', '12 BT', '*DAM DAC*', '', '13.75', 'CTNS', '', '', '', '0.000', '13.75']
['', '', '', '', '', '', '', '', '', '', '', '', '8.25', '37.5']
['220', 'FD341A', 'TASTE NIRVANA THAI TEA-C', '', '', '', '2', 'CTNS', '22.00', 'per', 'CTNS', '0.000', '44.00']
['', '', '16.2 OZ/24 CAN', '', '', 'CRV002', '20.25', 'CTNS', '', '', '', '0.000', '40.50']
['', '', '', '', '', '', '', '', '', '', '', '', '3.50', '8.0']
['230', 'FD355', "YEO'S SOYBEAN DRINK v.n.", '', '', '', '4', 'CTNS', '11.50', 'per', 'CTNS', '0.000', '46.00']
['', '', '300ML/24 V.N STYLE', '', '', '10+1', '9.18', 'CTNS', '', '', '', '0.000', '36.72']
['', '', '', '', '', '', '', '', '', '', '', '', '9.28', '20.2']
['290', 'NO238', 'OH RICEY HU TIEU', '', '24 BAG', '', '1', 'BDL', '31.50', 'per', 'BDL', '0.000', '31.50']
['', '', '24 BAGS X', '', '3 BOX NAM VANG', '', '27.75', 'BDL', '', '', '', '0.000', '27.75']
['', '', '', '', '', '', '', '', '', '', '', '', '3.75', '11.9']
['310', 'NO239', 'OH RICEY PHO BO', '', '24 BAGS', '', '1', 'BDL', '31.50', 'per', 'BDL', '0.000', '31.50']
['', '', '70 gr/24 BAG X', '', '3 BOX', '', '27.75', 'BDL', '', '', '', '0.000', '27.75']
['', '', '', '', '', '', '', '', '', '', '', '', '3.75', '11.9']
['330', 'UT818', 'PALLET', '', '', '', '1', 'CTNS', '7.50', 'per', 'CTNS', '0.000', '7.50']
['', '', 'EACH', '', '', '', '5.75', 'CTNS', '', '', '', '0.000', '5.75']
['', '', '', '', '', '', '', '', '', '', '', '', '1.75', '23.3']
['Invoice', '#:', '769294', 'Invoice date:', '09/24/18', 'Customer: SHWE', 'SHWE NYIKO MARKET', 'Sales rep:', '7']
['Seq# Item/Svc', '#', 'Description-1', 'Qty-shipped', 'Unit price', 'Lin-disc%', 'Ext-price']
['', '', 'Description-2', 'Unit cost', '', 'Ord-disc%', 'Ext-cost']
['', '', '', '', '', '', 'Gross-margin', 'Margin-%']
['', '', '', '', '', 'Invoice totals:', '1138.30']
['', '', '', '', '', '', '915.73']
['', '', '', '', '', '', '222.57', '19.6']
['', '', '', '', '', '', '', '', '', '', '', '', '10.40', '11.2']
['100', 'MD123', 'WHITE FLOWER OIL', '', '#1', '', '1', 'DOZN', '93.00', 'per', 'DOZN', '0.000', '93.00']
['', '', '', '', '', '', '', '', '', '', '', '', '6.00', '9.7']
['80', 'GR400A', 'Q-HUONG PORK BALL BBQ', '', '', '2LB', '1', 'CTNS', '62.00', 'per', 'CTNS', '0.000', '62.00']
['', '', '', '', '', '', '', '', '', '', '', '', '10.00', '12.8']
['60', 'FR322', 'WEI-C EGG ROLL SHELL', '', '', '', '2', 'CTNS', '39.00', 'per', 'CTNS', '0.000', '78.00']
['', '', '', '', '', '', '', '', '', '', '', '', '76.00', '21.1']
['40', 'FR827C', 'SHRIMP H/L S/O', '', '26/30', '*EQ*', '2', 'CTNS', '180.00', 'per', 'CTNS', '0.000', '360.00']
['', '', '', '', '', '', '', '', '', '', '', '', '16.80', '7.8']
['20', 'FR102', 'GREENSHELL MUSSELS N.Z.', '', '', '', '2', 'CTNS', '108.00', 'per CTNS', '', '0.000', '216.00']
['Invoice', '#:', '769295', 'Invoice date:', '09/24/18', 'Customer:', '88O', '88 ORIENTAL MARKET', 'Sales rep:', '7']
['50', 'FR326B', "O'TASTY CHICKN POTSTICKER", '', '', '', '1', 'CTNS', '36.00', 'per', 'CTNS', '0.000', '36.00']
['', '', '32 OZ X', '8 BAGS pre-cooked', '', '', '28.00', 'CTNS', '', '', '', '0.000', '28.00']
['', '', '', '', '', '', '', '', '', '', '', '', '8.00', '22.2']
['60', 'FR322', 'WEI-C EGG ROLL SHELL', '', '', '', '2', 'CTNS', '39.00', 'per', 'CTNS', '0.000', '78.00']
['', '', '11 OZ', '(25 PCS) X', '40 BAGS', '', '34.00', 'CTNS', '', '', '', '0.000', '68.00']
['', '', '', '', '', '', '', '', '', '', '', '', '10.00', '12.8']
['70', 'GR203', 'VI HUONG PORK MEAT LOAF', '', '', '', '1', 'CTNS', '50.00', 'per', 'CTNS', '0.000', '50.00']
['', '', '12 OZ X', '20 gio lua', '#215', '', '45.00', 'CTNS', '', '', '', '0.000', '45.00']
['', '', '', '', '', '', '', '', '', '', '', '', '5.00', '10.0']
['80', 'GR400A', 'Q-HUONG PORK BALL BBQ', '', '', '2LB', '1', 'CTNS', '62.00', 'per', 'CTNS', '0.000', '62.00']
['', '', '2 LBS/', '10', 'nem nuong', '', '56.00', 'CTNS', '', '', '', '0.000', '56.00']
['', '', '', '', '', '', '', '', '', '', '', '', '6.00', '9.7']
['90', 'FR706A', 'FR. CASSAVA WHOLE', '', '*VN*', '', '1', 'CTNS', '30.00', 'per', 'CTNS', '0.000', '30.00']
['', '', '16 OZ X', '30 BAG', '*LAL FARM*', '', '21.00', 'CTNS', '', '', '', '0.000', '21.00']
['', '', '', '', '', '', '', '', '', '', '', '', '9.00', '30.0']
['100', 'MD123', 'WHITE FLOWER OIL', '', '#1', '', '1', 'DOZN', '93.00', 'per', 'DOZN', '0.000', '93.00']
['', '', 'DOZEN X', '0.67 OZ', '(20 ML)', '', '82.60', 'DOZN', '', '', '', '0.000', '82.60']
['', '', '', '', '', '', '', '', '', '', '', '', '10.40', '11.2']
['110', 'MD121', 'EAGLE OIL', '- GREEN', '*L*', '', '1', 'BOX', '45.00', 'per', 'BOX', '0.000', '45.00']
['', '', '12 X', '24 ML', '(1 DOZEN)', '', '40.41', 'BOX', '', '', '', '0.000', '40.41']
['', '', '', '', '', '', '', '', '', '', '', '', '4.59', '10.2']
['', '', '', '', '', '', '', '', '', '', '', '', '7.50', '6.9']
['250', 'FS220', '3 CRAB FISH SAUCE', '', '', '', '3', 'CTNS', '36.00', 'per', 'CTNS', '0.000', '108.00']
['', '', '', '', '', '', '', '', '', '', '', '', '20.40', '10.0']
['230', 'BR120', 'QUOC VIET PHO BO', '', '', '*S*', '2', 'CTNS', '102.00', 'per', 'CTNS', '0.000', '204.00']
['', '', '', '', '', '', '', '', '', '', '', '', '2.50', '9.4']
['210', 'NO450', 'VIFON PHO BO', '', '', '*bag*', '1', 'BDL', '26.50', 'per', 'BDL', '0.000', '26.50']
['', '', '', '', '', '', '', '', '', '', '', '', '9.50', '9.7']
['180', 'FR201', 'SUN SQUID TENTACLE-loligo', '', '', '', '1', 'CTNS', '98.00', 'per', 'CTNS', '0.000', '98.00']
['', '', '', '', '', '', '', '', '', '', '', '', '8.00', '12.5']
['160', 'FR364', 'FR. CHEESE CAKE', '', '', '', '2', 'CTNS', '32.00', 'per CTNS', '', '0.000', '64.00']
['Invoice', '#:', '769295', 'Invoice date:', '09/24/18', 'Customer:', '88O', '88 ORIENTAL MARKET', 'Sales rep:', '7']
['200', 'RI130', 'KOKUHO RICE YELLOW', '', '', '15 LBS', '5', 'BAGS', '8.85', 'per', 'BAGS', '0.000', '44.25']
['', '', '15 LBS', '', '*EXTRA FANCY*', '', '7.85', 'BAGS', '', '', '', '0.000', '39.25']
['', '', '', '', '', '', '', '', '', '', '', '', '5.00', '11.3']
['210', 'NO450', 'VIFON PHO BO', '', '', '*bag*', '1', 'BDL', '26.50', 'per', 'BDL', '0.000', '26.50']
['', '', '2.1 OZ', '(3 X', '24)', '[J18]', '24.00', 'BDL', '', '', '', '0.000', '24.00']
['', '', '', '', '', '', '', '', '', '', '', '', '2.50', '9.4']
['220', 'NO147A', 'GOOD PORK VERMICELI PINK', '', '', '', '1', 'CTNS', '25.50', 'per', 'CTNS', '0.000', '25.50']
['', '', '48 BAGS X', '', '60 G (THIT BAM)', '', '22.50', 'CTNS', '', '', '', '0.000', '22.50']
['', '', '', '', '', '', '', '', '', '', '', '', '3.00', '11.8']
['230', 'BR120', 'QUOC VIET PHO BO', '', '', '*S*', '2', 'CTNS', '102.00', 'per', 'CTNS', '0.000', '204.00']
['', '', '10 OZ X', '24 JARS', '', '#03', '91.80', 'CTNS', '', '', '', '0.000', '183.60']
['', '', '', '', '', '', '', '', '', '', '', '', '20.40', '10.0']
['240', 'FS240', 'MEGACHEF PRE FISH SAUCE', '', '', '', '3', 'CTNS', '24.00', 'per', 'CTNS', '0.000', '72.00']
['', '', '23.6 OZ X', '', '12 BOTTLE', '', '20.50', 'CTNS', '', '', '', '0.000', '61.50']
['', '', '', '', '', '', '', '', '', '', '', '', '10.50', '14.6']
['250', 'FS220', '3 CRAB FISH SAUCE', '', '', '', '3', 'CTNS', '36.00', 'per', 'CTNS', '0.000', '108.00']
['', '', '24 OZ X', '12 BT', '', '', '33.50', 'CTNS', '', '', '', '0.000', '100.50']
['', '', '', '', '', '', '', '', '', '', '', '', '7.50', '6.9']
['260', 'RP111D', 'BANH TRANG MY THO SQUARE', '', '', '', '1', 'CTNS', '41.00', 'per', 'CTNS', '0.000', '41.00']
['', '', '12 OZ X', '44 BAGS', '', '*22CM*', '29.27', 'CTNS', '', '', '', '0.000', '29.27']
['', '', '', '', '', '', '', '', '', '', '', '', '11.73', '28.6']
['', '', '', '', '', '', '', '', '', '', '', '15.00', '18.5']
['340', 'FR199B', 'FR. OCTOPUS BALL', '', '2/4 IQF', '1', 'CTNS', '81.00', 'per', 'CTNS', '0.000', '81.00']
['', '', '', '', '', '', '', '', '', '', '', '2.70', '13.8']
['320', 'CA114', 'MORINAGA CHEW GREEN APPLE', '', '', '3', 'PACK', '6.50', 'per', 'PACK', '0.000', '19.50']
['', '', '', '', '', '', '', '', '', '', '', '3.00', '9.7']
['300', 'FR903', 'SHIRO MISO SOYBAEN PASTE', '', '', '1', 'CTNS', '31.00', 'per', 'CTNS', '0.000', '31.00']
['', '', '', '', '', '', '', '', '', '', '', '12.10', '14.3']
['280', 'FR114', 'FR. CUTTLEFISH-clean', '', 'U/1', '1', 'CTNS', '84.70', 'per CTNS', '', '0.000', '84.70']
['Invoice', '#:', '769295', 'Invoice date:', '09/24/18', 'Customer:', '88O', '88 ORIENTAL MARKET', 'Sales rep:', '7']
['', '', '', '', '', '', '', '', '', '', '', '3.00', '9.7']
['310', 'CA113', 'MORINAGA CHEW STRAWBERRY', '', '', '3', 'PACK', '6.50', 'per', 'PACK', '0.000', '19.50']
['', '', '1.76 OZ X', '10 PACKS', '', '5.30', 'PACK', '', '', '', '0.000', '15.90']
['', '', '', '', '', '', '', '', '', '', '', '3.60', '18.5']
['320', 'CA114', 'MORINAGA CHEW GREEN APPLE', '', '', '3', 'PACK', '6.50', 'per', 'PACK', '0.000', '19.50']
['', '', '1.76 OZ X', '10 PACKS', '', '5.60', 'PACK', '', '', '', '0.000', '16.80']
['', '', '', '', '', '', '', '', '', '', '', '2.70', '13.8']
['330', 'FD150', 'COCO RICO COCONUT SODA', '', '', '2', 'CTNS', '8.75', 'per', 'CTNS', '0.000', '17.50']
['', '', '12 OZ X', '24', '', '7.75', 'CTNS', '', '', '', '0.000', '15.50']
['', '', '', '', '', '', '', '', '', '', '', '2.00', '11.4']
['340', 'FR199B', 'FR. OCTOPUS BALL', '', '2/4 IQF', '1', 'CTNS', '81.00', 'per', 'CTNS', '0.000', '81.00']
['', '', '30LBS PHIL', '', '$2.70/LB', '66.00', 'CTNS', '', '', '', '0.000', '66.00']
['', '', '', '', '', '', '', '', '', '', '', '15.00', '18.5']
['350', 'UT818', 'PALLET', '', '', '1', 'CTNS', '7.50', 'per', 'CTNS', '0.000', '7.50']
['', '', 'EACH', '', '', '5.75', 'CTNS', '', '', '', '0.000', '5.75']
['', '', '', '', '', '', '', '', '', '', '', '1.75', '23.3']
['', '', '', '', '', '', '', '', '', 'Invoice', 'totals:', '2320.55']
['', '', '', '', '', '', '', '', '', '', '', '1973.67']
['', '', '', '', '', '', '', '', '', '', '', '346.88', '14.9']
['', '', '', '', '', '', '', '', '', '', '', '', '4.00', '10.8']
['170', 'CO280A', 'LAYER CAKE SBERRY', '', '', '', '1', 'CTNS', '37.00', 'per', 'CTNS', '0.000', '37.00']
['', '', '', '', '', '', '', '', '', '', '', '', '6.00', '10.7']
['140', 'NO333', 'MAMA CLEAR BEANTHREAD', '', '', '', '1', 'CTNS', '56.00', 'per', 'CTNS', '0.000', '56.00']
['', '', '', '', '', '', '', '', '', '', '', '', '1.30', '9.2']
['80', 'FD122', 'MR BROWN CAPPUCCINO COFE', '', '', '', '1', 'CTNS', '14.10', 'per', 'CTNS', '0.000', '14.10']
['', '', '', '', '', '', '', '', '', '', '', '', '21.00', '9.7']
['60', 'BM118A', 'B.BIRDY COFFEE', '', '3+1 YELLOW', '', '3', 'CTNS', '72.00', 'per', 'CTNS', '0.000', '216.00']
['', '', '', '', '', '', '', '', '', '', '', '', '4.00', '12.9']
['30', 'CO101', '99 EGG YOLK CREAM BISCUIT', '', '', '', '2', 'CTNS', '15.50', 'per CTNS', '', '0.000', '31.00']
['Invoice', '#:', '769296', 'Invoice date:', '09/24/18', 'Customer: NK', '', 'N K FAMILY ASIAN MARKET', 'Sales rep:', '7']
['70', 'FD120', 'MR BROWN COFFEE', '', '', '[D27]', '1', 'CTNS', '14.10', 'per', 'CTNS', '0.000', '14.10']
['', '', '8.12 OZ X', '24 CAN', '', 'CRV002', '12.80', 'CTNS', '', '', '', '0.000', '12.80']
['', '', '', '', '', '', '', '', '', '', '', '', '1.30', '9.2']
['80', 'FD122', 'MR BROWN CAPPUCCINO COFE', '', '', '', '1', 'CTNS', '14.10', 'per', 'CTNS', '0.000', '14.10']
['', '', '8.12 OZ X', '24 CAN', '', 'CRV002', '12.80', 'CTNS', '', '', '', '0.000', '12.80']
['', '', '', '', '', '', '', '', '', '', '', '', '1.30', '9.2']
['130', 'SL100', 'MORTON PLAIN SALT', '', '', '', '5', 'CTNS', '18.50', 'per', 'CTNS', '0.000', '92.50']
['', '', '26 OZ X', '24', '', '', '14.99', 'CTNS', '', '', '', '0.000', '74.95']
['', '', '', '', '', '', '', '', '', '', '', '', '17.55', '19.0']
['140', 'NO333', 'MAMA CLEAR BEANTHREAD', '', '', '', '1', 'CTNS', '56.00', 'per', 'CTNS', '0.000', '56.00']
['', '', '1.7 OZ X', '(6 X', '30)', '[J3]', '50.00', 'CTNS', '', '', '', '0.000', '50.00']
['', '', '', '', '', '', '', '', '', '', '', '', '6.00', '10.7']
['160', 'CO280', 'LAYER CAKE PANDAN', '', '', '', '1', 'CTNS', '37.00', 'per', 'CTNS', '0.000', '37.00']
['', '', '36 TRAY/8 PC', '', '', '[H15b]', '33.00', 'CTNS', '', '', '', '0.000', '33.00']
['', '', '', '', '', '', '', '', '', '', '', '', '4.00', '10.8']
['170', 'CO280A', 'LAYER CAKE SBERRY', '', '', '', '1', 'CTNS', '37.00', 'per', 'CTNS', '0.000', '37.00']
['', '', '36 TRAYS x', '8 PCS', '', '[H16b]', '33.00', 'CTNS', '', '', '', '0.000', '33.00']
['', '', '', '', '', '', '', '', '', '', '', '', '4.00', '10.8']
['180', 'CO350', 'LOTTE CUSTARD CAKE', '', '', '*S*', '2', 'CTNS', '19.75', 'per', 'CTNS', '0.000', '39.50']
['', '', '144g X', '12 bx', '', '', '14.40', 'CTNS', '', '', '', '0.000', '28.80']
['', '', '', '', '', '', '', '', '', '', '', '', '10.70', '27.1']
['', '', '', '', '', '', '', '', '', '', '', '', '', '7.28', '28.0']
['380', 'RS104A', 'MY THO BUN TUOI', '', '', '14oz', '', '1', 'CTNS', '26.00', 'per', 'CTNS', '0.000', '26.00']
['', '', '', '', '', '', '', '', '', '', '', '', '', '14.00', '9.7']
['360', 'BM118A', 'B.BIRDY COFFEE', '', '', '3+1 YELLOW', '', '2', 'CTNS', '72.00', 'per', 'CTNS', '0.000', '144.00']
['', '', '', '', '', '', '', '', '', '', '', '', '', '16.50', '33.0']
['250', 'COF109AA', 'TRUNG NGUYEN COFEE', '', '', '', '*100ST', '1', 'CTNS', '50.00', 'per', 'CTNS', '0.000', '50.00']
['', '', '', '', '', '', '', '', '', '', '', '', '', '3.00', '10.7']
['230', 'CO252', 'ELLSE LAYER BANANA CAKE', '', '', '', '', '1', 'CTNS', '28.00', 'per', 'CTNS', '0.000', '28.00']
['', '', '', '', '', '', '', '', '', '', '', '', '', '16.20', '10.9']
['210', 'MS100', 'AJINOMOTO MSG', '', '3 LBS', '', '', '2', 'CTNS', '74.00', 'per CTNS', '', '0.000', '148.00']
['Invoice', '#:', '769296', 'Invoice date:', '09/24/18', 'Customer: NK', '', 'N K FAMILY ASIAN MARKET', 'Sales rep:', '7']
['240', 'NT110', 'SHJ. HOT GREEN PEAS', '', '', '', '', '5', 'CTNS', '16.00', 'per', 'CTNS', '0.000', '80.00']
['', '', '8.46 OZ X', '', '10 BAGS', '', '', '14.00', 'CTNS', '', '', '', '0.000', '70.00']
['', '', '', '', '', '', '', '', '', '', '', '', '', '10.00', '12.5']
['250', 'COF109AA', 'TRUNG NGUYEN COFEE', '', '', '', '*100ST', '1', 'CTNS', '50.00', 'per', 'CTNS', '0.000', '50.00']
['', '', '100ST X', '5', '*TH THIET*', '', '10+1', '33.50', 'CTNS', '', '', '', '0.000', '33.50']
['', '', '', '', '', '', '', '', '', '', '', '', '', '16.50', '33.0']
['260', 'BM116', 'B.ROASTED SUNFLOWER SEED', '', '', '', '', '1', 'CTNS', '88.00', 'per', 'CTNS', '0.000', '88.00']
['', '', '6.35 OZ X', '', '80', '', '', '78.00', 'CTNS', '', '', '', '0.000', '78.00']
['', '', '', '', '', '', '', '', '', '', '', '', '', '10.00', '11.4']
['360', 'BM118A', 'B.BIRDY COFFEE', '', '', '3+1 YELLOW', '', '2', 'CTNS', '72.00', 'per', 'CTNS', '0.000', '144.00']
['', '', '27 STICK X', '', '18 BAG*CREAMY*', '', '', '65.00', 'CTNS', '', '', '', '0.000', '130.00']
['', '', '', '', '', '', '', '', '', '', '', '', '', '14.00', '9.7']
['370', 'COF161', 'VINA 3IN1 CAFE', '', '', '*20 SACH*', '', '1', 'CTNS', '44.00', 'per', 'CTNS', '0.000', '44.00']
['', '', '14 OZ X', '20 TB X', '', '20BG', '10+1', '33.60', 'CTNS', '', '', '', '0.000', '33.60']
['', '', '', '', '', '', '', '', '', '', '', '', '', '10.40', '23.6']
['380', 'RS104A', 'MY THO BUN TUOI', '', '', '14oz', '', '1', 'CTNS', '26.00', 'per', 'CTNS', '0.000', '26.00']
['', '', '14 OZ X', '30 BG', '', '', '', '18.72', 'CTNS', '', '', '', '0.000', '18.72']
['', '', '', '', '', '', '', '', '', '', '', '', '', '7.28', '28.0']
['390', 'UT818', 'PALLET', '', '', '', '', '1', 'CTNS', '7.50', 'per', 'CTNS', '0.000', '7.50']
['', '', 'EACH', '', '', '', '', '5.75', 'CTNS', '', '', '', '0.000', '5.75']
['', '', '', '', '', '', '', '', '', '', '', '', '', '1.75', '23.3']
['Invoice', '#:', '769296', 'Invoice date:', '09/24/18', 'Customer: NK', '', 'N K FAMILY ASIAN MARKET', 'Sales rep:', '7']
['Seq# Item/Svc', '#', 'Description-1', 'Qty-shipped', 'Unit price', 'Lin-disc%', 'Ext-price']
['', '', 'Description-2', 'Unit cost', '', 'Ord-disc%', 'Ext-cost']
['', '', '', '', '', '', 'Gross-margin', 'Margin-%']
['', '', '', '', '', 'Invoice totals:', '1755.70']
['', '', '', '', '', '', '1546.22']
['', '', '', '', '', '', '209.48', '11.9']
['', '', '', '', '', '', '', '', '', '', '', '', '', '', '4.00', '11.4']
['120', 'SS113', '', 'LA. BO DE WHOLE SOYBEAN', '', '', '', '1', 'CTNS', '', '35.00', 'per', 'CTNS', '0.000', '35.00']
['', '', '', '', '', '', '', '', '', '', '', '', '', '', '5.50', '10.6']
['90', 'CO150', '', 'MEIJI YAN YAN CHOCOLATE', '', '', '', '1', 'CTNS', '', '52.00', 'per', 'CTNS', '0.000', '52.00']
['', '', '', '', '', '', '', '', '', '', '', '', '', '', '16.32', '38.9']
['50', 'FR310B', '', 'FR. LEMON GRASS', '', '*16 OZ*', '', '1', 'CTNS', '', '42.00', 'per', 'CTNS', '0.000', '42.00']
['', '', '', '', '', '', '', '', '', '', '', '', '', '', '24.40', '42.1']
['30', 'FR182', '', 'OF THIT HEN VIETNAM', '', '', '', '1', 'CTNS', '', '58.00', 'per', 'CTNS', '0.000', '58.00']
['', '', '', '', '', '', '', '', '', '', '', '', '', '', '26.25', '11.5']
['10', 'FR141', '', 'SUN CA BASA H/L WHOLECUT', '', '', '', '3', 'CTNS', '', '76.00', 'per CTNS', '', '0.000', '228.00']
['Invoice', '#:', '769297', 'Invoice date:', '', '09/24/18', '', 'Customer: N021', '', 'NEW ASIA SUPERMARKET', '', '', 'Sales rep:', '5']
['40', 'TH102', '', 'TAYHO BI TUOI slice pork', '', '', '', '2', 'CTNS', '', '83.00', 'per', 'CTNS', '0.000', '166.00']
['', '', '', '8 OZ X', '50 bags', 'skin', '', '75.00', 'CTNS', '', '', '', '', '0.000', '150.00']
['', '', '', '', '', '', '', '', '', '', '', '', '', '', '16.00', '9.6']
['50', 'FR310B', '', 'FR. LEMON GRASS', '', '*16 OZ*', '', '1', 'CTNS', '', '42.00', 'per', 'CTNS', '0.000', '42.00']
['', '', '', '16 OZ X', '24 JAR', '*LAL FARM*', '', '25.68', 'CTNS', '', '', '', '', '0.000', '25.68']
['', '', '', '', '', '', '', '', '', '', '', '', '', '', '16.32', '38.9']
['80', 'FD120', '', 'MR BROWN COFFEE', '', '', '[D27]', '5', 'CTNS', '', '14.10', 'per', 'CTNS', '0.000', '70.50']
['', '', '', '8.12 OZ X', '24 CAN', '', 'CRV002', '12.80', 'CTNS', '', '', '', '', '0.000', '64.00']
['', '', '', '', '', '', '', '', '', '', '', '', '', '', '6.50', '9.2']
['90', 'CO150', '', 'MEIJI YAN YAN CHOCOLATE', '', '', '', '1', 'CTNS', '', '52.00', 'per', 'CTNS', '0.000', '52.00']
['', '', '', '2 OZ X', '80 CUPS', 'COOKIES', '', '46.50', 'CTNS', '', '', '', '', '0.000', '46.50']
['', '', '', '', '', '', '', '', '', '', '', '', '', '', '5.50', '10.6']
['100', 'CO151A', '', 'MEIJI YAN YAN VANILLA', '', '', '', '1', 'CTNS', '', '52.00', 'per', 'CTNS', '0.000', '52.00']
['', '', '', '2 OZ X', '80 CUPS', 'COOKIES', '', '46.50', 'CTNS', '', '', '', '', '0.000', '46.50']
['', '', '', '', '', '', '', '', '', '', '', '', '', '', '5.50', '10.6']
['120', 'SS113', '', 'LA. BO DE WHOLE SOYBEAN', '', '', '', '1', 'CTNS', '', '35.00', 'per', 'CTNS', '0.000', '35.00']
['', '', '', '16 OZ/12', '', 'tuong hot SAUCE', '', '31.00', 'CTNS', '', '', '', '', '0.000', '31.00']
['', '', '', '', '', '', '', '', '', '', '', '', '', '', '4.00', '11.4']
['130', 'NO238', '', 'OH RICEY HU TIEU', '', '24 BAG', '', '1', 'BDL', '', '31.50', 'per', 'BDL', '0.000', '31.50']
['', '', '', '24 BAGS X', '', '3 BOX NAM VANG', '', '27.75', 'BDL', '', '', '', '', '0.000', '27.75']
['', '', '', '', '', '', '', '', '', '', '', '', '', '', '3.75', '11.9']
['', '', '', '', '', '', '', '', '', '', '', '', '', '', '10.50', '33.9']
['270', 'NO106B', '', 'SAFOCO RICE MACARONI', '', '', '*L-T', '2', 'CTNS', '', '15.50', 'per', 'CTNS', '0.000', '31.00']
['', '', '', '', '', '', '', '', '', '', '', '', '', '', '12.00', '10.7']
['240', 'NO333', '', 'MAMA CLEAR BEANTHREAD', '', '', '', '2', 'CTNS', '', '56.00', 'per', 'CTNS', '0.000', '112.00']
['', '', '', '', '', '', '', '', '', '', '', '', '', '', '32.50', '8.5']
['210', 'PW239A', '', 'TOTOLE CHICKEN BOUILLON L', '', '', '', '5', 'CTNS', '', '76.50', 'per', 'CTNS', '0.000', '382.50']
['', '', '', '', '', '', '', '', '', '', '', '', '', '', '3.25', '12.5']
['190', 'UT332A', '', 'AIR FRESHENER LIME GREEN', '', '', '', '1', 'BOX', '', '26.00', 'per', 'BOX', '0.000', '26.00']
['', '', '', '', '', '', '', '', '', '', '', '', '', '', '3.25', '12.5']
['170', 'UT332', '', 'AIR FRESHENER APPLE', '', '', '', '1', 'BOX', '', '26.00', 'per BOX', '', '0.000', '26.00']
['Invoice', '#:', '769297', 'Invoice date:', '', '09/24/18', '', 'Customer: N021', '', 'NEW ASIA SUPERMARKET', '', '', 'Sales rep:', '5']
['200', 'PW239B', '', 'TOTOLE CHICKEN POWDER XL', '', '', '', '3', 'CTNS', '', '72.50', 'per', 'CTNS', '0.000', '217.50']
['', '', '', '5 LBS X', '6 BAGS', '', '', '66.50', 'CTNS', '', '', '', '', '0.000', '199.50']
['', '', '', '', '', '', '', '', '', '', '', '', '', '', '18.00', '8.3']
['210', 'PW239A', '', 'TOTOLE CHICKEN BOUILLON L', '', '', '', '5', 'CTNS', '', '76.50', 'per', 'CTNS', '0.000', '382.50']
['', '', '', '2.2 LBS X', '12 CAN', '', '', '70.00', 'CTNS', '', '', '', '', '0.000', '350.00']
['', '', '', '', '', '', '', '', '', '', '', '', '', '', '32.50', '8.5']
['220', 'FD118', '', 'LACTASOY SOY MILK ppbox', '', '', '', '10', 'CTNS', '', '13.00', 'per', 'CTNS', '0.000', '130.00']
['', '', '', '(200mlx6) X', '', '6 PACK', '', '11.00', 'CTNS', '', '', '', '', '0.000', '110.00']
['', '', '', '', '', '', '', '', '', '', '', '', '', '', '20.00', '15.4']
['240', 'NO333', '', 'MAMA CLEAR BEANTHREAD', '', '', '', '2', 'CTNS', '', '56.00', 'per', 'CTNS', '0.000', '112.00']
['', '', '', '1.7 OZ X', '(6 X', '30)', '[J3]', '50.00', 'CTNS', '', '', '', '', '0.000', '100.00']
['', '', '', '', '', '', '', '', '', '', '', '', '', '', '12.00', '10.7']
['260', 'NO106C', '', 'SAFOCO EGG MACARONI', '', '', '*K-SA', '2', 'CTNS', '', '26.00', 'per', 'CTNS', '0.000', '52.00']
['', '', '', '500 G X', '18 BG nuoi cong', '', '', '18.81', 'CTNS', '', '', '', '', '0.000', '37.62']
['', '', '', '', '', '', '', '', '', '', '', '', '', '', '14.38', '27.7']
['270', 'NO106B', '', 'SAFOCO RICE MACARONI', '', '', '*L-T', '2', 'CTNS', '', '15.50', 'per', 'CTNS', '0.000', '31.00']
['', '', '', '14 OZ X', '12', '*nui ong lon*', '', '10.25', 'CTNS', '', '', '', '', '0.000', '20.50']
['', '', '', '', '', '', '', '', '', '', '', '', '', '', '10.50', '33.9']
['280', 'NO106A', '', 'SAFOCO RICE MACRONI K-T', '', '', '', '2', 'CTNS', '', '17.00', 'per', 'CTNS', '0.000', '34.00']
['', '', '', '17.6ZX', '10 cong short tube', '', '', '11.06', 'CTNS', '', '', '', '', '0.000', '22.12']
['', '', '', '', '', '', '', '', '', '', '', '', '', '', '11.88', '34.9']
['', '', '', '', '', '', '', '', '', '', '', '', '', '', '14.55', '100.0']
['400', 'UT818B', '', 'K-835*S* PLASTIC SCOOP', '', '', '', '1', 'CTNS', '', '14.55', 'per', 'CTNS', '0.000', '14.55']
['', '', '', '', '', '', '', '', '', '', '', '', '', '', '8.75', '9.2']
['380', 'KS209', '', 'SK NGU VI HUONG', '', '16 OZ', '', '1', 'CTNS', '', '95.50', 'per', 'CTNS', '0.000', '95.50']
['', '', '', '', '', '', '', '', '', '', '', '', '', '', '12.00', '9.1']
['360', 'HM152A', '', 'CALIFORNIA.*HOT* PORK', '', '', '', '1', 'CTNS', '', '132.00', 'per', 'CTNS', '0.000', '132.00']
['', '', '', '', '', '', '', '', '', '', '', '', '', '', '26.00', '11.2']
['340', 'HM140', '', 'KYJ CHINESE SAUSAGE', '', '', '', '2', 'CTNS', '', '116.00', 'per', 'CTNS', '0.000', '232.00']
['', '', '', '', '', '', '', '', '', '', '', '', '', '', '23.75', '9.9']
['310', 'BS131', '', 'SINGING BIRD BBS TIP', '', '', '30oz', '5', 'CTNS', '', '48.00', 'per CTNS', '', '0.000', '240.00']
['Invoice', '#:', '769297', 'Invoice date:', '', '09/24/18', '', 'Customer: N021', '', 'NEW ASIA SUPERMARKET', '', '', 'Sales rep:', '5']
['350', 'HM152', '', 'CALIFORNIA.PORK SAUSAGE', '', '', '', '1', 'CTNS', '', '132.00', 'per', 'CTNS', '0.000', '132.00']
['', '', '', '16 OZ X', '24 BAG', '', '', '120.00', 'CTNS', '', '', '', '', '0.000', '120.00']
['', '', '', '', '', '', '', '', '', '', '', '', '', '', '12.00', '9.1']
['360', 'HM152A', '', 'CALIFORNIA.*HOT* PORK', '', '', '', '1', 'CTNS', '', '132.00', 'per', 'CTNS', '0.000', '132.00']
['', '', '', '16 OZ X', '24 BAG', 'SAUSAGE', '', '120.00', 'CTNS', '', '', '', '', '0.000', '120.00']
['', '', '', '', '', '', '', '', '', '', '', '', '', '', '12.00', '9.1']
['370', 'KS200', '', 'SK CA RI NI', '', '4oz (CAY)', '', '2', 'CTNS', '', '29.00', 'per', 'CTNS', '0.000', '58.00']
['', '', '', '4 OZ/12 BT curry pwd hot', '', '', '', '26.25', 'CTNS', '', '', '', '', '0.000', '52.50']
['', '', '', '', '', '', '', '', '', '', '', '', '', '', '5.50', '9.5']
['380', 'KS209', '', 'SK NGU VI HUONG', '', '16 OZ', '', '1', 'CTNS', '', '95.50', 'per', 'CTNS', '0.000', '95.50']
['', '', '', '16 OZ X', '12 JAR', '', '[G7b]', '86.75', 'CTNS', '', '', '', '', '0.000', '86.75']
['', '', '', '', '', '', '', '', '', '', '', '', '', '', '8.75', '9.2']
['390', 'KS225', '', 'SK NGU VI HUONG', '', '4 OZ', '', '2', 'CTNS', '', '34.00', 'per', 'CTNS', '0.000', '68.00']
['', '', '', '4 OZ X', '12 BT', '', '', '30.75', 'CTNS', '', '', '', '', '0.000', '61.50']
['', '', '', '', '', '', '', '', '', '', '', '', '', '', '6.50', '9.6']
['400', 'UT818B', '', 'K-835*S* PLASTIC SCOOP', '', '', '', '1', 'CTNS', '', '14.55', 'per', 'CTNS', '0.000', '14.55']
['', '', '', '12 PC', '', '', '', '0.00', 'CTNS', '', '', '', '', '0.000', '0.00']
['', '', '', '', '', '', '', '', '', '', '', '', '', '', '14.55', '100.0']
['410', 'UT818B', '', 'K-836*L* PLASTIC SCOOP', '', '', '', '2', 'CTNS', '', '9.25', 'per', 'CTNS', '0.000', '18.50']
['', '', '', '6 PC', '', '', '', '0.00', 'CTNS', '', '', '', '', '0.000', '0.00']
['', '', '', '', '', '', '', '', '', '', '', '', '', '', '18.50', '100.0']
['', '', '', '', '', '', '', '', '', '', '', '', '', '', '66.00', '100.0']
['510', 'UT818B', '', 'H1101 WHITE DISH', '', '', '', '5', 'CTNS', '', '13.20', 'per', 'CTNS', '0.000', '66.00']
['', '', '', '', '', '', '', '', '', '', '', '', '', '', '158.40', '100.0']
['490', 'UT818B', '', '5275 BL/ K SOUP BOWL', '', '', '', '6', 'CTNS', '', '26.40', 'per', 'CTNS', '0.000', '158.40']
['', '', '', '', '', '', '', '', '', '', '', '', '', '', '99.00', '100.0']
['470', 'UT818B', '', '5075 BL/ SOUP BOWL', '', '', '', '3', 'CTNS', '', '33.00', 'per', 'CTNS', '0.000', '99.00']
['', '', '', '', '', '', '', '', '', '', '', '', '', '', '55.50', '100.0']
['450', 'UT818B', '', '5060 BL/SOUP BOWL', '', '', '', '3', 'CTNS', '', '18.50', 'per', 'CTNS', '0.000', '55.50']
['', '', '', '', '', '', '', '', '', '', '', '', '', '', '12.60', '100.0']
['430', 'UT818B', '', 'KS519 PLASTIC LADLE*L*', '', '', '', '12', 'CTNS', '', '1.05', 'per CTNS', '', '0.000', '12.60']
['Invoice', '#:', '769297', 'Invoice date:', '', '09/24/18', '', 'Customer: N021', '', 'NEW ASIA SUPERMARKET', '', '', 'Sales rep:', '5']
['460', 'UT818B', '', '5070 BL/ SOUP BOWL', '', '', '', '3', 'CTNS', '', '26.40', 'per', 'CTNS', '0.000', '79.20']
['', '', '', '12 PC', '', '', '', '0.00', 'CTNS', '', '', '', '', '0.000', '0.00']
['', '', '', '', '', '', '', '', '', '', '', '', '', '', '79.20', '100.0']
['470', 'UT818B', '', '5075 BL/ SOUP BOWL', '', '', '', '3', 'CTNS', '', '33.00', 'per', 'CTNS', '0.000', '99.00']
['', '', '', '12 PC', '', '', '', '0.00', 'CTNS', '', '', '', '', '0.000', '0.00']
['', '', '', '', '', '', '', '', '', '', '', '', '', '', '99.00', '100.0']
['480', 'UT818B', '', '5265 BL/ DEEP SOUP BOWL', '', '', '', '3', 'CTNS', '', '23.80', 'per', 'CTNS', '0.000', '71.40']
['', '', '', '12 PC', '', '', '', '0.00', 'CTNS', '', '', '', '', '0.000', '0.00']
['', '', '', '', '', '', '', '', '', '', '', '', '', '', '71.40', '100.0']
['490', 'UT818B', '', '5275 BL/ K SOUP BOWL', '', '', '', '6', 'CTNS', '', '26.40', 'per', 'CTNS', '0.000', '158.40']
['', '', '', '12 PC', '', '', '', '0.00', 'CTNS', '', '', '', '', '0.000', '0.00']
['', '', '', '', '', '', '', '', '', '', '', '', '', '', '158.40', '100.0']
['500', 'UT818B', '', '31045 BLL/ RICE BOWL', '', '', '', '1', 'CTNS', '', '19.80', 'per', 'CTNS', '0.000', '19.80']
['', '', '', '24 PC', '', '', '', '0.00', 'CTNS', '', '', '', '', '0.000', '0.00']
['', '', '', '', '', '', '', '', '', '', '', '', '', '', '19.80', '100.0']
['510', 'UT818B', '', 'H1101 WHITE DISH', '', '', '', '5', 'CTNS', '', '13.20', 'per', 'CTNS', '0.000', '66.00']
['', '', '', '60 PC', '', '', '', '0.00', 'CTNS', '', '', '', '', '0.000', '0.00']
['', '', '', '', '', '', '', '', '', '', '', '', '', '', '66.00', '100.0']
['520', 'UT818', '', 'PALLET', '', '', '', '1', 'CTNS', '', '7.00', 'per', 'CTNS', '0.000', '7.00']
['', '', '', 'EACH', '', '', '', '5.75', 'CTNS', '', '', '', '', '0.000', '5.75']
['', '', '', '', '', '', '', '', '', '', '', '', '', '', '1.25', '17.9']
['Invoice', '#:', '769297', 'Invoice date:', '09/24/18', 'Customer: N021', 'NEW ASIA SUPERMARKET', '', 'Sales rep:', '5']
['Seq# Item/Svc', '#', 'Description-1', 'Qty-shipped', 'Unit price', 'Lin-disc%', 'Ext-price']
['', '', 'Description-2', 'Unit cost', '', 'Ord-disc%', 'Ext-cost']
['', '', '', '', '', '', 'Gross-margin', 'Margin-%']
['', '', '', '', '', 'Invoice totals:', '3883.70']
['', '', '', '', '', '', '2684.27']
['', '', '', '', '', '', '1199.43', '30.9']
['', '', '', '', '', '', '', '', '', '', '', '', '29.20', '17.2']
['90', 'FD154', 'FOCO SOURSOP JUICE', '', '', '', '10', 'CTN', '17.00', 'per', 'CTN', '0.000', '170.00']
['', '', '', '', '', '', '', '', '', '', '', '', '60.00', '20.7']
['70', 'FD105B', 'FOCO ROAST. COCONUT JUICE', '', '', '', '20', 'CTNS', '14.50', 'per', 'CTNS', '0.000', '290.00']
['', '', '', '', '', '', '', '', '', '', '', '', '369.60', '33.9']
['10', 'FR123', 'OF BONITA', '', '*CA NGU*', '', '20', 'EACH', '54.45', 'per', 'CTNS', '0.000', '1089.00']
['', '', '', '', '', '', '', '', '', '', '', '', '7.25', '9.9']
['4', 'FR146', 'PAMPANGA PORK TOCINO', '', '', '', '1', 'CTNS', '73.00', 'per', 'CTNS', '0.000', '73.00']
['', '', '', '', '', '', '', '', '', '', '', '', '4.00', '11.4']
['2', 'PC159A', 'SHIRAKIKU PICKLED GINGER', '', '', '', '1', 'CTNS', '35.00', 'per CTNS', '', '0.000', '35.00']
['Invoice', '#:', '769298', 'Invoice date:', '09/24/18', 'Customer: H025', 'HONG KONG DISTRIBUTION', '', 'Sales rep:', '5']
['5', 'FR144', 'PAMPANGA SWEET SAUSAGE', '', '', '', '1', 'CTNS', '67.00', 'per', 'CTNS', '0.000', '67.00']
['', '', '12 OZ', 'X', '24', '5111', '60.00', 'CTNS', '', '', '', '0.000', '60.00']
['', '', '', '', '', '', '', '', '', '', '', '', '7.00', '10.4']
['10', 'FR123', 'OF BONITA', '', '*CA NGU*', '', '20', 'EACH', '54.45', 'per', 'CTNS', '0.000', '1089.00']
['', '', '33 LBS VN', '', '2/4lb', '$1.65/lb', '35.97', 'EACH', '', '', '', '0.000', '719.40']
['', '', '', '', '', '', '', '', '', '', '', '', '369.60', '33.9']
['45', 'DV227A', 'AFC FRESH FU PUI', '', '', '*L*', '5', 'CTNS', '123.00', 'per', 'CTNS', '0.000', '615.00']
['', '', '16 OZ X', '20 BAGS', '', '', '110.00', 'CTNS', '', '', '', '0.000', '550.00']
['', '', '', '', '', '', '', '', '', '', '', '', '65.00', '10.6']
['70', 'FD105B', 'FOCO ROAST. COCONUT JUICE', '', '', '', '20', 'CTNS', '14.50', 'per', 'CTNS', '0.000', '290.00']
['', '', '11.8 OZ X', '', '24 CANcrv2', '', '11.50', 'CTNS', '', '', '', '0.000', '230.00']
['', '', '', '', '', '', '', '', '', '', '', '', '60.00', '20.7']
['80', 'FD102B', 'FOCO MANGOSTEEN DRINK', '', '', '*', '10', 'CTNS', '15.00', 'per', 'CTNS', '0.000', '150.00']
['', '', '11.8 OZ X', '', '24 CAN CRV002', '', '12.25', 'CTNS', '', '', '', '0.000', '122.50']
['', '', '', '', '', '', '', '', '', '', '', '', '27.50', '18.3']
['90', 'FD154', 'FOCO SOURSOP JUICE', '', '', '', '10', 'CTN', '17.00', 'per', 'CTN', '0.000', '170.00']
['', '', '11.8 OZ X', '', '24 CAN E16 CRV2', '', '14.08', 'CTN', '', '', '', '0.000', '140.80']
['', '', '', '', '', '', '', '', '', '', '', '', '29.20', '17.2']
['100', 'FD138', 'CHIN-C LYCHEE JUICE DR', '', '', '', '5', 'CTNS', '14.00', 'per', 'CTNS', '0.000', '70.00']
['', '', '11 OZ/24 CAN', '', '[E15] CRV002', '', '12.40', 'CTNS', '', '', '', '0.000', '62.00']
['', '', '', '', '', '', '', '', '', '', '', '', '8.00', '11.4']
['Invoice', '#:', '769298', 'Invoice date:', '09/24/18', 'Customer: H025', 'HONG KONG DISTRIBUTION', '', 'Sales rep:', '5']
['', '', '', '', '', '', 'Gross-margin', 'Margin-%']
['110', 'UT818', 'PALLET', '1', 'CTNS', '7.00', 'per CTNS', '0.000', '7.00']
['', '', 'EACH', '5.75', 'CTNS', '', '', '0.000', '5.75']
['', '', '', '', '', '', '', '', '1.25', '17.9']
['', '', '', '', '', '', 'Invoice totals:', '', '2714.00']
['', '', '', '', '', '', '', '', '2092.10']
['', '', '', '', '', '', '', '', '621.90', '22.9']
['', '', '', '', '', '', '', '', '', '', '', '', '', '3.50', '9.6']
['100', 'NO481B', '', 'VIFON phu gia MIEN MANG', '', '', '1', 'CTNS', '', '36.50', 'per', 'CTNS', '0.000', '36.50']
['', '', '', '', '', '', '', '', '', '', '', '', '', '3.50', '9.6']
['80', 'NO481', '', 'VIFON phu gia MIEN CUA/R', '', '', '1', 'CTNS', '', '36.50', 'per', 'CTNS', '0.000', '36.50']
['', '', '', '', '', '', '', '', '', '', '', '', '', '3.00', '11.8']
['60', 'NO148B', '', 'GOOD TOMYUM VERMICELLI', '', '', '1', 'CTNS', '', '25.50', 'per', 'CTNS', '0.000', '25.50']
['', '', '', '', '', '', '', '', '', '', '', '', '', '3.00', '11.8']
['40', 'NO147A', '', 'GOOD PORK VERMICELI PINK', '', '', '1', 'CTNS', '', '25.50', 'per', 'CTNS', '0.000', '25.50']
['', '', '', '', '', '', '', '', '', '', '', '', '', '180.00', '25.5']
['20', 'PW137', '', 'CHA BB JUICE BLUEBERRY', '', '', '15', 'CTNS', '', '47.00', 'per CTNS', '', '0.000', '705.00']
['Invoice', '#:', '769299', 'Invoice date:', '', '09/24/18', 'Customer: L017', '', 'LITTLE SAIGON ORNTL SMKT', '', '', 'Sales rep:', '5']
['50', 'NO148A', '', 'GOOD SPARERIBS VERMICELLI', '', '', '1', 'CTNS', '', '25.50', 'per', 'CTNS', '0.000', '25.50']
['', '', '', '48 BAGS X', '60 G', 'GREEN', '22.50', 'CTNS', '', '', '', '', '0.000', '22.50']
['', '', '', '', '', '', '', '', '', '', '', '', '', '3.00', '11.8']
['60', 'NO148B', '', 'GOOD TOMYUM VERMICELLI', '', '', '1', 'CTNS', '', '25.50', 'per', 'CTNS', '0.000', '25.50']
['', '', '', '48 BAGS X', '60 G RED', '', '22.50', 'CTNS', '', '', '', '', '0.000', '22.50']
['', '', '', '', '', '', '', '', '', '', '', '', '', '3.00', '11.8']
['70', 'NO148C', '', 'GOOD CHICKEN VERMICELLI', '', '', '1', 'CTNS', '', '25.50', 'per', 'CTNS', '0.000', '25.50']
['', '', '', '48 BAG X', '60 GR', 'yellow', '22.50', 'CTNS', '', '', '', '', '0.000', '22.50']
['', '', '', '', '', '', '', '', '', '', '', '', '', '3.00', '11.8']
['80', 'NO481', '', 'VIFON phu gia MIEN CUA/R', '', '', '1', 'CTNS', '', '36.50', 'per', 'CTNS', '0.000', '36.50']
['', '', '', '60 G/12 BG/6', '', '[J24]', '33.00', 'CTNS', '', '', '', '', '0.000', '33.00']
['', '', '', '', '', '', '', '', '', '', '', '', '', '3.50', '9.6']
['90', 'NO481A', '', 'VIFON phu gia MIEN GA/Y', '', '', '1', 'CTNS', '', '36.50', 'per', 'CTNS', '0.000', '36.50']
['', '', '', '60 G/12 BG/6', '', '[J24]', '33.00', 'CTNS', '', '', '', '', '0.000', '33.00']
['', '', '', '', '', '', '', '', '', '', '', '', '', '3.50', '9.6']
['100', 'NO481B', '', 'VIFON phu gia MIEN MANG', '', '', '1', 'CTNS', '', '36.50', 'per', 'CTNS', '0.000', '36.50']
['', '', '', '60 G/12 BG/', '6', 'GIO HEO', '33.00', 'CTNS', '', '', '', '', '0.000', '33.00']
['', '', '', '', '', '', '', '', '', '', '', '', '', '3.50', '9.6']
['110', 'SS190B', '', 'MAGGI SOY SAUCE VN LARGE', '', '', '1', 'CTNS', '', '21.00', 'per', 'CTNS', '0.000', '21.00']
['', '', '', '700 ML X', '12 BT', '*YELLOW*', '12.00', 'CTNS', '', '', '', '', '0.000', '12.00']
['', '', '', '', '', '', '', '', '', '', '', '', '', '9.00', '42.9']
['', '', '', '', '', '', '', '', '', '', '', '', '', '8.22', '19.6']
['200', 'CI170A', '', 'LUCKY C CRUSH CHILI', '', '5 LBS', '1', 'CTNS', '', '42.00', 'per', 'CTNS', '0.000', '42.00']
['', '', '', '', '', '', '', '', '', '', '', '', '', '11.25', '11.0']
['180', 'FD340', '', 'TASTE NIRVANA THAI TEA-B', '', '', '5', 'CTNS', '', '20.50', 'per', 'CTNS', '0.000', '102.50']
['', '', '', '', '', '', '', '', '', '', '', '', '', '42.30', '28.2']
['160', 'DD152', '', 'VT BOT BANH BAO dumling', '', '', '10', 'CTNS', '', '15.00', 'per', 'CTNS', '0.000', '150.00']
['', '', '', '', '', '', '', '', '', '', '', '', '', '10.20', '10.0']
['140', 'BR125', '', 'QUOC VIET HU TIEU', '', '*S*', '1', 'CTNS', '', '102.00', 'per', 'CTNS', '0.000', '102.00']
['', '', '', '', '', '', '', '', '', '', '', '', '', '10.25', '42.7']
['120', 'SS190C', '', 'MAGGI SOYSAUCE VN DARK SM', '', '', '1', 'CTNS', '', '24.00', 'per CTNS', '', '0.000', '24.00']
['Invoice', '#:', '769299', 'Invoice date:', '', '09/24/18', 'Customer: L017', '', 'LITTLE SAIGON ORNTL SMKT', '', '', 'Sales rep:', '5']
['150', 'LP101', '', 'NP. LIME PASTE (WHITE)', '', '', '1', 'CTNS', '', '28.00', 'per', 'CTNS', '0.000', '28.00']
['', '', '', '4 OZ X', '60 BOXES', '[H8]', '23.50', 'CTNS', '', '', '', '', '0.000', '23.50']
['', '', '', '', '', '', '', '', '', '', '', '', '', '4.50', '16.1']
['160', 'DD152', '', 'VT BOT BANH BAO dumling', '', '', '10', 'CTNS', '', '15.00', 'per', 'CTNS', '0.000', '150.00']
['', '', '', '14 OZ X', '20 BAG', 'flour', '10.77', 'CTNS', '', '', '', '', '0.000', '107.70']
['', '', '', '', '', '', '', '', '', '', '', '', '', '42.30', '28.2']
['170', 'DV146', '', 'LUCKY C BLACK FUNGUS', '', '5x6', '1', 'CTNS', '', '74.00', 'per', 'CTNS', '0.000', '74.00']
['', '', '', '5LBX6', '*A GRADE* STRIP', '', '62.50', 'CTNS', '', '', '', '', '0.000', '62.50']
['', '', '', '', '', '', '', '', '', '', '', '', '', '11.50', '15.5']
['180', 'FD340', '', 'TASTE NIRVANA THAI TEA-B', '', '', '5', 'CTNS', '', '20.50', 'per', 'CTNS', '0.000', '102.50']
['', '', '', '9.5 OZ X', '24 BT', '[E34] CRV6', '18.25', 'CTNS', '', '', '', '', '0.000', '91.25']
['', '', '', '', '', '', '', '', '', '', '', '', '', '11.25', '11.0']
['190', 'FD341A', '', 'TASTE NIRVANA THAI TEA-C', '', '', '5', 'CTNS', '', '22.00', 'per', 'CTNS', '0.000', '110.00']
['', '', '', '16.2 OZ/24 CAN', '', 'CRV002', '20.25', 'CTNS', '', '', '', '', '0.000', '101.25']
['', '', '', '', '', '', '', '', '', '', '', '', '', '8.75', '8.0']
['200', 'CI170A', '', 'LUCKY C CRUSH CHILI', '', '5 LBS', '1', 'CTNS', '', '42.00', 'per', 'CTNS', '0.000', '42.00']
['', '', '', '5 LBS X', '6 *VN*', '2-4mm', '33.78', 'CTNS', '', '', '', '', '0.000', '33.78']
['', '', '', '', '', '', '', '', '', '', '', '', '', '8.22', '19.6']
['210', 'FD105A', '', 'FOCO COCONUT JUICE', '', '17.6oz', '11', 'CTNS', '', '18.00', 'per', 'CTNS', '0.000', '198.00']
['', '', '', '17.6 OZ X', '24 CAN', '', '14.00', 'CTNS', '', '', '', '', '0.000', '154.00']
['', '', '', '', '', '', '', '', '', '', '', '', '', '44.00', '22.2']
['Invoice', '#:', '769299', 'Invoice date:', '09/24/18', 'Customer: L017', 'LITTLE SAIGON ORNTL SMKT', 'Sales rep:', '5']
['', '', '', '', '', '', '', '', 'Gross-margin', 'Margin-%']
['220', 'UT818', 'PALLET', '1', 'CTNS', '7.00', 'per CTNS', '0.000', '7.00']
['', '', 'EACH', '5.75', 'CTNS', '', '', '0.000', '5.75']
['', '', '', '', '', '', '', '', '1.25', '17.9']
['', '', '', '', '', '', 'Invoice totals:', '', '2554.00']
['', '', '', '', '', '', '', '', '2066.98']
['', '', '', '', '', '', '', '', '487.02', '19.1']
['', '', '', '', '', '', '', '', '', '', '', '8.00', '14.3']
['150', 'FD108D', "WONDERFARM BIRD'S NEST", '', '', '4', 'CTNS', '14.00', 'per', 'CTNS', '0.000', '56.00']
['', '', '', '', '', '', '', '', '', '', '', '3.92', '17.0']
['110', 'FD109Q', 'MOGU MOGU PINA COLADA W/', '', '', '2', 'CTNS', '11.50', 'per', 'CTNS', '0.000', '23.00']
['', '', '', '', '', '', '', '', '', '', '', '2.60', '11.3']
['70', 'FJ109', "FUN CLUB SQUE'EASY lychee", '', '', '1', 'CTNS', '23.00', 'per', 'CTNS', '0.000', '23.00']
['', '', '', '', '', '', '', '', '', '', '', '3.00', '10.0']
['50', 'DD109', 'KTT BOT NGHE', '*TUMERIC', '2oz', '1', 'CTNS', '30.00', 'per', 'CTNS', '0.000', '30.00']
['', '', '', '', '', '', '', '', '', '', '', '10.86', '22.6']
['30', 'CH101A', 'MINH P JACKFRUIT CHIP', '', '', '1', 'CTNS', '48.00', 'per CTNS', '', '0.000', '48.00']
['Invoice', '#:', '769300', 'Invoice date:', '09/24/18', 'Customer: H021', 'HONG PHAT MARKET*BENTHANH', 'Sales rep:', '5']
['60', 'DD106', 'KTT GV THIT & CA KHO TO', '', '', '1', 'CTNS', '30.00', 'per', 'CTNS', '0.000', '30.00']
['', '', '2z/50 CATFISH/MEAT', '', '#A-27', '27.00', 'CTNS', '', '', '', '0.000', '27.00']
['', '', '', '', '', '', '', '', '', '', '', '3.00', '10.0']
['70', 'FJ109', "FUN CLUB SQUE'EASY lychee", '', '', '1', 'CTNS', '23.00', 'per', 'CTNS', '0.000', '23.00']
['', '', '43 OZ', '/6 JAR FRUITY SNACK', '', '20.40', 'CTNS', '', '', '', '0.000', '20.40']
['', '', '', '', '', '', '', '', '', '', '', '2.60', '11.3']
['90', 'FD109E', 'MOGU MOGU LYCHEE DR. W/', '', '', '2', 'CTNS', '11.50', 'per', 'CTNS', '0.000', '23.00']
['', '', '320ML X', '24 NATA COCO', '', '8.36', 'CTNS', '', '', '', '0.000', '16.72']
['', '', '', '', '', '', '', '', '', '', '', '6.28', '27.3']
['110', 'FD109Q', 'MOGU MOGU PINA COLADA W/', '', '', '2', 'CTNS', '11.50', 'per', 'CTNS', '0.000', '23.00']
['', '', '320 ML X', '24 DE COCO', '', '9.54', 'CTNS', '', '', '', '0.000', '19.08']
['', '', '', '', '', '', '', '', '', '', '', '3.92', '17.0']
['140', 'FD109I', 'MOGU MOGU ORANGE DR. W/', '', '', '2', 'CTNS', '11.50', 'per', 'CTNS', '0.000', '23.00']
['', '', '320ML X', '24 NATA COCO', '', '8.36', 'CTNS', '', '', '', '0.000', '16.72']
['', '', '', '', '', '', '', '', '', '', '', '6.28', '27.3']
['150', 'FD108D', "WONDERFARM BIRD'S NEST", '', '', '4', 'CTNS', '14.00', 'per', 'CTNS', '0.000', '56.00']
['', '', '240 ML X', '30 CAN W/FUNGUS', '', '12.00', 'CTNS', '', '', '', '0.000', '48.00']
['', '', '', '', '', '', '', '', '', '', '', '8.00', '14.3']
['160', 'FD340', 'TASTE NIRVANA THAI TEA-B', '', '', '6', 'CTNS', '20.50', 'per', 'CTNS', '0.000', '123.00']
['', '', '9.5 OZ X', '24 BT', '[E34] CRV6', '18.25', 'CTNS', '', '', '', '0.000', '109.50']
['', '', '', '', '', '', '', '', '', '', '', '13.50', '11.0']
['', '', '', '', '', '', '', '', '', '', '', '5.20', '9.0']
['300', 'PW504', 'GC AGAR AGAR POWDER', '', '', '2', 'CTNS', '29.00', 'per', 'CTNS', '0.000', '58.00']
['', '', '', '', '', '', '', '', '', '', '', '3.00', '10.3']
['280', 'BR115', 'NEW CHOICE CHICKEN BROTH', '', '', '5', 'CTNS', '5.80', 'per', 'CTNS', '0.000', '29.00']
['', '', '', '', '', '', '', '', '', '', '', '5.00', '20.0']
['250', 'VI101', 'GOLDEN MOUNTAIN VINEGAR L', '', '', '2', 'CTNS', '12.50', 'per', 'CTNS', '0.000', '25.00']
['', '', '', '', '', '', '', '', '', '', '', '4.50', '13.6']
['210', 'NO250', 'KUNG FU ONION NOODLE', '', '', '1', 'BUND', '33.00', 'per', 'BUND', '0.000', '33.00']
['', '', '', '', '', '', '', '', '', '', '', '7.80', '9.2']
['180', 'FD120', 'MR BROWN COFFEE', '', '[D27]', '6', 'CTNS', '14.10', 'per CTNS', '', '0.000', '84.60']
['Invoice', '#:', '769300', 'Invoice date:', '09/24/18', 'Customer: H021', 'HONG PHAT MARKET*BENTHANH', 'Sales rep:', '5']
['220', 'NO253', 'KUNG FU CHICKEN NOODLE', '', '', '1', 'BUND', '33.00', 'per', 'BUND', '0.000', '33.00']
['', '', '3 OZ X 30 BAGS X', '', '3 BOX', '30.00', 'BUND', '', '', '', '0.000', '30.00']
['', '', '', '', '', '', '', '', '', '', '', '3.00', '9.1']
['250', 'VI101', 'GOLDEN MOUNTAIN VINEGAR L', '', '', '2', 'CTNS', '12.50', 'per', 'CTNS', '0.000', '25.00']
['', '', '980 ML X 12 BT', '', '', '10.00', 'CTNS', '', '', '', '0.000', '20.00']
['', '', '', '', '', '', '', '', '', '', '', '5.00', '20.0']
['260', 'SS111', 'LA. BO DE GROUND SOYBEAN', '', '', '1', 'CTNS', '35.00', 'per', 'CTNS', '0.000', '35.00']
['', '', '16 Z/12 BT(goi cuon)SAUCE', '', '', '31.00', 'CTNS', '', '', '', '0.000', '31.00']
['', '', '', '', '', '', '', '', '', '', '', '4.00', '11.4']
['280', 'BR115', 'NEW CHOICE CHICKEN BROTH', '', '', '5', 'CTNS', '5.80', 'per', 'CTNS', '0.000', '29.00']
['', '', '14 OZ X', '12 CAN soup ga', '', '5.20', 'CTNS', '', '', '', '0.000', '26.00']
['', '', '', '', '', '', '', '', '', '', '', '3.00', '10.3']
['290', 'DD149', 'VT BOT CHIEN GION CRISP', '', '', '1', 'CTNS', '24.00', 'per', 'CTNS', '0.000', '24.00']
['', '', '150 GM X', '60 BAG FRIED MIX', '', '16.65', 'CTNS', '', '', '', '0.000', '16.65']
['', '', '', '', '', '', '', '', '', '', '', '7.35', '30.6']
['300', 'PW504', 'GC AGAR AGAR POWDER', '', '', '2', 'CTNS', '29.00', 'per', 'CTNS', '0.000', '58.00']
['', '', '6 OZ X 24 BOX', '', '', '26.40', 'CTNS', '', '', '', '0.000', '52.80']
['', '', '', '', '', '', '', '', '', '', '', '5.20', '9.0']
['310', 'COF108', 'TRUNG NGUYEN COFFEE (CAN)', '', '', '2', 'CTNS', '66.00', 'per', 'CTNS', '0.000', '132.00']
['', '', '15 OZ/12 CAN', '*L*', '', '60.00', 'CTNS', '', '', '', '0.000', '120.00']
['', '', '', '', '', '', '', '', '', '', '', '12.00', '9.1']
['', '', '', '', '', '', '', '', '', '', '', '5.45', '29.5']
['420', 'PW161A', 'BAO LONG HU TIEU NAM VANG', '', '', '0.50', 'CTNS', '37.00', 'per', 'CTNS', '0.000', '18.50']
['', '', '', '', '', '', '', '', '', '', '', '10.91', '29.5']
['400', 'PW150', 'BAO LONG PHO FLAVOR', '', '*', '1', 'CTNS', '37.00', 'per', 'CTNS', '0.000', '37.00']
['', '', '', '', '', '', '', '', '', '', '', '3.00', '10.7']
['380', 'CO252', 'ELLSE LAYER BANANA CAKE', '', '', '1', 'CTNS', '28.00', 'per', 'CTNS', '0.000', '28.00']
['', '', '', '', '', '', '', '', '', '', '', '10.50', '9.1']
['350', 'HM141', 'KYJ CHICKEN SAUSAGE', '', '', '1', 'CTNS', '116.00', 'per', 'CTNS', '0.000', '116.00']
['', '', '', '', '', '', '', '', '', '', '', '2.50', '15.6']
['330', 'CO247A', 'HUP SENG SUGAR CRACKERS', '', '', '1', 'CTNS', '16.00', 'per CTNS', '', '0.000', '16.00']
['Invoice', '#:', '769300', 'Invoice date:', '09/24/18', 'Customer: H021', 'HONG PHAT MARKET*BENTHANH', 'Sales rep:', '5']
['360', 'CO246', 'EURO CUSTARD CAKE', '', '', '2', 'CTNS', '18.00', 'per', 'CTNS', '0.000', '36.00']
['', '', '6 PCS X', '12 BOX', '[H11b]', '15.50', 'CTNS', '', '', '', '0.000', '31.00']
['', '', '', '', '', '', '', '', '', '', '', '5.00', '13.9']
['380', 'CO252', 'ELLSE LAYER BANANA CAKE', '', '', '1', 'CTNS', '28.00', 'per', 'CTNS', '0.000', '28.00']
['', '', '15 G/12 PK/24 PCS', '', '[H8b]', '25.00', 'CTNS', '', '', '', '0.000', '25.00']
['', '', '', '', '', '', '', '', '', '', '', '3.00', '10.7']
['390', 'SS107E', 'CJ KALBI RIB SAUCE', '', '*L*', '1', 'CTNS', '26.00', 'per', 'CTNS', '0.000', '26.00']
['', '', '840 GM X', '8', '', '20.56', 'CTNS', '', '', '', '0.000', '20.56']
['', '', '', '', '', '', '', '', '', '', '', '5.44', '20.9']
['400', 'PW150', 'BAO LONG PHO FLAVOR', '', '*', '1', 'CTNS', '37.00', 'per', 'CTNS', '0.000', '37.00']
['', '', '144 BOX', '', '*6/7/2020', '26.09', 'CTNS', '', '', '', '0.000', '26.09']
['', '', '', '', '', '', '', '', '', '', '', '10.91', '29.5']
['410', 'PW154', 'BAO LONG BO KHO', '', '*', '0.50', 'CTNS', '37.00', 'per', 'CTNS', '0.000', '18.50']
['', '', '144 BOX', '*6/7/2020', '', '26.09', 'CTNS', '', '', '', '0.000', '13.05']
['', '', '', '', '', '', '', '', '', '', '', '5.45', '29.5']
['420', 'PW161A', 'BAO LONG HU TIEU NAM VANG', '', '', '0.50', 'CTNS', '37.00', 'per', 'CTNS', '0.000', '18.50']
['', '', '144 BOX', '', '*6/7/2020', '26.09', 'CTNS', '', '', '', '0.000', '13.05']
['', '', '', '', '', '', '', '', '', '', '', '5.45', '29.5']
['440', 'CW141', 'LC MICHIU RICE COOK WINE', '', '', '1', 'CTNS', '20.50', 'per', 'CTNS', '0.000', '20.50']
['', '', '3 LITER X', '4 BT', '*GLASS*', '17.50', 'CTNS', '', '', '', '0.000', '17.50']
['', '', '', '', '', '', '', '', '', '', '', '3.00', '14.6']
['', '', '', '', '', '', '', '', '', '', '', '', '', '', '2.25', '9.4']
['550', 'NO240A', '', 'HAO HAO ONION SATE', '', '', '', '*BAG*', '1', 'BDL', '24.00', 'per', 'BDL', '0.000', '24.00']
['', '', '', '', '', '', '', '', '', '', '', '', '', '', '17.50', '15.2']
['530', 'NO199', '', 'N-SHIM UDON BOWL NOODLE', '', '', '', '', '10', 'CTNS', '11.50', 'per', 'CTNS', '0.000', '115.00']
['', '', '', '', '', '', '', '', '', '', '', '', '', '', '3.25', '10.5']
['510', 'NO243', '', 'ACECOOK MI LAU THAI TOMYU', '', '', '', '', '1', 'BDL', '31.00', 'per', 'BDL', '0.000', '31.00']
['', '', '', '', '', '', '', '', '', '', '', '', '', '', '74.20', '23.6']
['490', 'VE101', '', 'LAL LUNGKOW BEAN THREAD', '', '', '', '', '5', 'CTNS', '63.00', 'per', 'CTNS', '0.000', '315.00']
['', '', '', '', '', '', '', '', '', '', '', '', '', '', '9.00', '9.4']
['470', 'TL111', '', 'TL BOT BANH XEO prepared', '', '', '', '', '3', 'CTNS', '32.00', 'per CTNS', '', '0.000', '96.00']
['Invoice', '#:', '769300', 'Invoice date:', '', '', '09/24/18', '', 'Customer: H021', '', 'HONG PHAT MARKET*BENTHANH', '', 'Sales rep:', '5']
['500', 'BR103', '', 'LAL VEGETABLE BROTH', '', '', '', '', '2', 'CTNS', '24.00', 'per', 'CTNS', '0.000', '48.00']
['', '', '', '28 X', '24 SOUP AN CHAY', '', '', '[A5]', '15.40', 'CTNS', '', '', '', '0.000', '30.80']
['', '', '', '', '', '', '', '', '', '', '', '', '', '', '17.20', '35.8']
['510', 'NO243', '', 'ACECOOK MI LAU THAI TOMYU', '', '', '', '', '1', 'BDL', '31.00', 'per', 'BDL', '0.000', '31.00']
['', '', '', '30 BAGS X', '', '3 BOX', '', '[J11]', '27.75', 'BDL', '', '', '', '0.000', '27.75']
['', '', '', '', '', '', '', '', '', '', '', '', '', '', '3.25', '10.5']
['520', 'NO194', '', 'N-SHIM HOT & SPICY BOWL', '', '', '', '', '10', 'CTNS', '8.25', 'per', 'CTNS', '0.000', '82.50']
['', '', '', '3oz X', '12 BWL', '', '', '', '7.25', 'CTNS', '', '', '', '0.000', '72.50']
['', '', '', '', '', '', '', '', '', '', '', '', '', '', '10.00', '12.1']
['530', 'NO199', '', 'N-SHIM UDON BOWL NOODLE', '', '', '', '', '10', 'CTNS', '11.50', 'per', 'CTNS', '0.000', '115.00']
['', '', '', '5 BOWL UDON', '', '', '', '', '9.75', 'CTNS', '', '', '', '0.000', '97.50']
['', '', '', '', '', '', '', '', '', '', '', '', '', '', '17.50', '15.2']
['540', 'NO240C', '', 'HAO HAO ONION SHRIMP mi', '', '', '', '', '1', 'BDL', '24.00', 'per', 'BDL', '0.000', '24.00']
['', '', '', '30 BAGS X', '', '3 BOX xao kho', '', '', '21.75', 'BDL', '', '', '', '0.000', '21.75']
['', '', '', '', '', '', '', '', '', '', '', '', '', '', '2.25', '9.4']
['550', 'NO240A', '', 'HAO HAO ONION SATE', '', '', '', '*BAG*', '1', 'BDL', '24.00', 'per', 'BDL', '0.000', '24.00']
['', '', '', '30 BAG X', '', '3 BOX', '', '[J31]', '21.75', 'BDL', '', '', '', '0.000', '21.75']
['', '', '', '', '', '', '', '', '', '', '', '', '', '', '2.25', '9.4']
['560', 'NO240D', '', 'HAO HAO MI CHAY', '', '', '*BAG*', '', '1', 'BDL', '24.00', 'per', 'BDL', '0.000', '24.00']
['', '', '', '30 BAGS X', '', '3 BOX', '', '', '21.75', 'BDL', '', '', '', '0.000', '21.75']
['', '', '', '', '', '', '', '', '', '', '', '', '', '', '2.25', '9.4']
['', '', '', '', '', '', '', '', '', '', '', '', '', '', '16.00-', '0.0']
['660', 'FR100', '', 'FR. AROY-D COCONUT DRINK', '', '', '', '', '1', 'CTNS', '0.00', 'per', 'CTNS', '0.000', '0.00']
['', '', '', '', '', '', '', '', '', '', '', '', '', '', '22.95', '44.1']
['640', 'FR703B', '', 'FR. GRATED PURPLE YAM', '', '', '', '14z', '1', 'CTNS', '52.00', 'per', 'CTNS', '0.000', '52.00']
['', '', '', '', '', '', '', '', '', '', '', '', '', '', '24.00', '9.7']
['620', 'GR400A', '', 'Q-HUONG PORK BALL BBQ', '', '', '', '2LB', '4', 'CTNS', '62.00', 'per', 'CTNS', '0.000', '248.00']
['', '', '', '', '', '', '', '', '', '', '', '', '', '', '16.20', '19.6']
['600', 'FR821', '', 'FR. SQUID', '', '3 LB g.pacific', '', '', '1', 'CTNS', '82.80', 'per', 'CTNS', '0.000', '82.80']
['', '', '', '', '', '', '', '', '', '', '', '', '', '', '44.00', '14.8']
['580', 'FR826A', '', 'FRESH WATER SHRIMP', '', '', '', '2-4', '2', 'CTNS', '149.00', 'per CTNS', '', '0.000', '298.00']
['Invoice', '#:', '769300', 'Invoice date:', '', '', '09/24/18', '', 'Customer: H021', '', 'HONG PHAT MARKET*BENTHANH', '', 'Sales rep:', '5']
['610', 'FR822', '', 'FR. SQUID-BONO IQF', '', '', '', '', '2', 'CTNS', '61.74', 'per', 'CTNS', '0.000', '123.48']
['', '', '', '22.05 LBS USA', '', '', '$2.80/lb', '', '52.92', 'CTNS', '', '', '', '0.000', '105.84']
['', '', '', '', '', '', '', '', '', '', '', '', '', '', '17.64', '14.3']
['620', 'GR400A', '', 'Q-HUONG PORK BALL BBQ', '', '', '', '2LB', '4', 'CTNS', '62.00', 'per', 'CTNS', '0.000', '248.00']
['', '', '', '2 LBS/', '10', '', 'nem nuong', '', '56.00', 'CTNS', '', '', '', '0.000', '224.00']
['', '', '', '', '', '', '', '', '', '', '', '', '', '', '24.00', '9.7']
['630', 'FR707B', '', 'FR. COOKED CASSAVA XL', '', '', '', '', '2', 'CTNS', '15.00', 'per', 'CTNS', '0.000', '30.00']
['', '', '', '17.6 OZ X', '', '12 KHOAI MI HAP', '', '', '0.00', 'CTNS', '', '', '', '0.000', '0.00']
['', '', '', '', '', '', '', '', '', '', '', '', '', '', '30.00', '100.0']
['640', 'FR703B', '', 'FR. GRATED PURPLE YAM', '', '', '', '14z', '1', 'CTNS', '52.00', 'per', 'CTNS', '0.000', '52.00']
['', '', '', '14OZ X', '', '40 BG Khoai Mo Bao', '', '', '29.05', 'CTNS', '', '', '', '0.000', '29.05']
['', '', '', '', '', '', '', '', '', '', '', '', '', '', '22.95', '44.1']
['650', 'FR100', '', 'FR. AROY-D COCONUT DRINK', '', '', '', '', '5', 'CTNS', '24.50', 'per', 'CTNS', '0.000', '122.50']
['', '', '', '10.5OZ X', '', '24TN', '10+2', '', '16.00', 'CTNS', '', '', '', '0.000', '80.00']
['', '', '', '', '', '', '', '', '', '', '', '', '', '', '42.50', '34.7']
['660', 'FR100', '', 'FR. AROY-D COCONUT DRINK', '', '', '', '', '1', 'CTNS', '0.00', 'per', 'CTNS', '0.000', '0.00']
['', '', '', '10.5OZ X', '', '24TN', '10+2', '', '16.00', 'CTNS', '', '', '', '0.000', '16.00']
['', '', '', '', '', '', '', '', '', '', '', '', '', '', '16.00-', '0.0']
['680', 'UT700', '', 'RED ENVELOPE CHOPSTICK', '', '', '', '', '2', 'CTNS', '10.00', 'per', 'CTNS', '0.000', '20.00']
['', '', '', '1000 PAIR', '', '/CTNS', '', '', '8.75', 'CTNS', '', '', '', '0.000', '17.50']
['', '', '', '', '', '', '', '', '', '', '', '', '', '', '2.50', '12.5']
['', '', '', '', '', '', '', '', '', '2.50', '17.9']
['700', 'UT818', 'PALLET', '', '2', 'CTNS', '7.00', 'per CTNS', '0.000', '14.00']
['Invoice', '#:', '769300', 'Invoice date:', '09/24/18', 'Customer: H021', 'HONG PHAT MARKET*BENTHANH', 'Sales rep:', '5']
['690', 'UT124', 'BAMBOO CHOPSTICK w/ WHITE', '', '2', 'CTNS', '23.50', 'per CTNS', '0.000', '47.00']
['', '', '100 PAIRS X', '20 ENVELOPE', '20.50', 'CTNS', '', '', '0.000', '41.00']
['', '', '', '', '', '', '', '', '', '6.00', '12.8']
['700', 'UT818', 'PALLET', '', '2', 'CTNS', '7.00', 'per CTNS', '0.000', '14.00']
['', '', 'EACH', '', '5.75', 'CTNS', '', '', '0.000', '11.50']
['', '', '', '', '', '', '', '', '', '2.50', '17.9']
['', '', '', '', '', '', '', 'Invoice totals:', '', '4012.18']
['', '', '', '', '', '', '', '', '', '3385.39']
['', '', '', '', '', '', '', '', '', '626.79', '15.6']
['', '', '', '', '', '', '', '', '', '', '', '', '1.20', '10.4']
['50', 'CF291', 'CHIN-C GRASS JELLY', '', '', '19 OZ', '1', 'CTNS', '11.50', 'per', 'CTNS', '0.000', '11.50']
['', '', '', '', '', '', '', '', '', '', '', '', '36.45', '29.3']
['30', 'RP111E', 'BANH TRANG MY THO', '', '', '*31CM*', '3', 'CTNS', '41.50', 'per', 'CTNS', '0.000', '124.50']
['', '', '', '', '', '', '', '', '', '', '', '', '48.00', '100.0']
['10', 'RS140', 'GUILIN RICE STICK', '', '', '*S*', '1', 'CTNS', '48.00', 'per', 'CTNS', '0.000', '48.00']
['', '', '', '', '', '', '', '', '', '', '', '', '46.00', '21.1']
['5', 'FD170', 'JELLY BROWN STRAWBERRY', '', '', '', '23', 'CTNS', '9.50', 'per', 'CTNS', '0.000', '218.50']
['', '', '', '', '', '', '', '', '', '', '', '', '18.00', '9.8']
['2', 'GR300', 'GREAT WALL BEEF MEAT BALL', '', '', '', '3', 'CTNS', '61.00', 'per CTNS', '', '0.000', '183.00']
['Invoice', '#:', '769301', 'Invoice date:', '09/24/18', 'Customer: YO', '', 'YOSHU INC(SALWEEN TH.REST', 'Sales rep:', '5']
['6', 'FD171', 'JELLY BROWN ORIGINAL', '', '', '', '1', 'CTNS', '9.50', 'per', 'CTNS', '0.000', '9.50']
['', '', '10 X', '4 X', '3.4 OZ', 'CRV010', '7.50', 'CTNS', '', '', '', '0.000', '7.50']
['', '', '', '', '', '', '', '', '', '', '', '', '2.00', '21.1']
['10', 'RS140', 'GUILIN RICE STICK', '', '', '*S*', '1', 'CTNS', '48.00', 'per', 'CTNS', '0.000', '48.00']
['', '', '14 OZ X', '', '60 BAGS', '[I36]', '0.00', 'CTNS', '', '', '', '0.000', '0.00']
['', '', '', '', '', '', '', '', '', '', '', '', '48.00', '100.0']
['20', 'RS231A', 'NG FUNG FINE VERM.bun', '', '', '*S*', '3', 'CTNS', '42.00', 'per', 'CTNS', '0.000', '126.00']
['', '', '4 LBS x', '', '8 BAGS giang tay', '', '38.00', 'CTNS', '', '', '', '0.000', '114.00']
['', '', '', '', '', '', '', '', '', '', '', '', '12.00', '9.5']
['30', 'RP111E', 'BANH TRANG MY THO', '', '', '*31CM*', '3', 'CTNS', '41.50', 'per', 'CTNS', '0.000', '124.50']
['', '', '12 OZ X', '', '44 BAGS', '', '29.35', 'CTNS', '', '', '', '0.000', '88.05']
['', '', '', '', '', '', '', '', '', '', '', '', '36.45', '29.3']
['40', 'CF290', 'CHIN-C GREEN AI-YU JELLY', '', '', '', '1', 'CTNS', '11.50', 'per', 'CTNS', '0.000', '11.50']
['', '', '19 OZ X', '', '12 CANS', '[E9]', '10.30', 'CTNS', '', '', '', '0.000', '10.30']
['', '', '', '', '', '', '', '', '', '', '', '', '1.20', '10.4']
['50', 'CF291', 'CHIN-C GRASS JELLY', '', '', '19 OZ', '1', 'CTNS', '11.50', 'per', 'CTNS', '0.000', '11.50']
['', '', '19 OZ X', '', '12 CANS', '[E8]', '10.30', 'CTNS', '', '', '', '0.000', '10.30']
['', '', '', '', '', '', '', '', '', '', '', '', '1.20', '10.4']
['60', 'CF292', 'CHIN-C YELLOW AI-YU JELLY', '', '', '', '1', 'CTNS', '11.50', 'per', 'CTNS', '0.000', '11.50']
['', '', '19 OZ. X', '', '12 CANS', '[E10]', '10.30', 'CTNS', '', '', '', '0.000', '10.30']
['', '', '', '', '', '', '', '', '', '', '', '', '1.20', '10.4']
['', '', '', '', '', '', '', '', '', '', '', '4.00', '10.0']
['180', 'SS182', 'KKM SOY SAUCE', '10 OZ', '', '1', 'CTNS', '40.00', 'per', 'CTNS', '0.000', '40.00']
['', '', '', '', '', '', '', '', '', '', '', '3.50', '10.1']
['150', 'MI110', 'PARROT BRAND COND. MILK', '', '', '1', 'CTNS', '34.50', 'per', 'CTNS', '0.000', '34.50']
['', '', '', '', '', '', '', '', '', '', '', '3.91', '14.0']
['120', 'BS160', 'LAL BBS TIP', '*LARGE*', '42OZ', '1', 'CTNS', '28.00', 'per', 'CTNS', '0.000', '28.00']
['', '', '', '', '', '', '', '', '', '', '', '2.41', '21.0']
['100', 'CF181B', 'WEI-C WATERCHESTNUT SLICE', '', '', '1', 'CTNS', '11.50', 'per', 'CTNS', '0.000', '11.50']
['', '', '', '', '', '', '', '', '', '', '', '15.00', '13.9']
['80', 'CF161', 'LAL QUAIL EGGS trung cuc', '', '', '3', 'CTNS', '36.00', 'per CTNS', '', '0.000', '108.00']
['Invoice', '#:', '769301', 'Invoice date:', '09/24/18', 'Customer: YO', '', 'YOSHU INC(SALWEEN TH.REST', 'Sales rep:', '5']
['110', 'PC103', 'LAL PKL LOUK NIENG', '', '10+1', '3', 'CTNS', '62.00', 'per', 'CTNS', '0.000', '186.00']
['', '', '16 OZ X', '24 JARS', 'W/SKIN', '47.77', 'CTNS', '', '', '', '0.000', '143.31']
['', '', '', '', '', '', '', '', '', '', '', '42.69', '23.0']
['120', 'BS160', 'LAL BBS TIP', '*LARGE*', '42OZ', '1', 'CTNS', '28.00', 'per', 'CTNS', '0.000', '28.00']
['', '', '42 OZ X', '12 LONG CAN', '[A39]', '24.09', 'CTNS', '', '', '', '0.000', '24.09']
['', '', '', '', '', '', '', '', '', '', '', '3.91', '14.0']
['140', 'MI120', 'BLACK & WHITE COND. MILK', '', '', '3', 'CTNS', '38.00', 'per', 'CTNS', '0.000', '114.00']
['', '', '14 OZ X', '24 CANS', '[C25]', '32.00', 'CTNS', '', '', '', '0.000', '96.00']
['', '', '', '', '', '', '', '', '', '', '', '18.00', '15.8']
['150', 'MI110', 'PARROT BRAND COND. MILK', '', '', '1', 'CTNS', '34.50', 'per', 'CTNS', '0.000', '34.50']
['', '', '14 OZ X', '24 CANS', '[C26]', '31.00', 'CTNS', '', '', '', '0.000', '31.00']
['', '', '', '', '', '', '', '', '', '', '', '3.50', '10.1']
['170', 'OI122', 'PEANUT OIL', '(600 ML)', '', '1', 'CTNS', '95.00', 'per', 'CTNS', '0.000', '95.00']
['', '', '20 OZ X', '24 BT', '[H24]', '85.00', 'CTNS', '', '', '', '0.000', '85.00']
['', '', '', '', '', '', '', '', '', '', '', '10.00', '10.5']
['180', 'SS182', 'KKM SOY SAUCE', '10 OZ', '', '1', 'CTNS', '40.00', 'per', 'CTNS', '0.000', '40.00']
['', '', '10 OZ X', '24 BT', '[G23]', '36.00', 'CTNS', '', '', '', '0.000', '36.00']
['', '', '', '', '', '', '', '', '', '', '', '4.00', '10.0']
['190', 'SA105', 'LKK HOISIN SAUCE', '', '*20 OZ*', '1', 'CTNS', '18.50', 'per', 'CTNS', '0.000', '18.50']
['', '', '20 OZ X', '12 BT', '[H37]', '16.40', 'CTNS', '', '', '', '0.000', '16.40']
['', '', '', '', '', '', '', '', '', '', '', '2.10', '11.4']
['', '', '', '', '', '', '', '', '', '', '', '5.00', '11.1']
['310', 'PW133', 'CHA BB JUICE STRAWBERRY', '', '', '1', 'CTNS', '45.00', 'per', 'CTNS', '0.000', '45.00']
['', '', '', '', '', '', '', '', '', '', '', '12.00', '15.4']
['280', 'ED140', "HALE'S BLUE BOY", '', '*RED*', '3', 'CTNS', '26.00', 'per', 'CTNS', '0.000', '78.00']
['', '', '', '', '', '', '', '', '', '', '', '7.00', '13.5']
['250', 'TA126', 'WUFU TAPIOCA PEARL', '', '*BLACK', '1', 'CTNS', '52.00', 'per', 'CTNS', '0.000', '52.00']
['', '', '', '', '', '', '', '', '', '', '', '14.00', '9.3']
['230', 'PW239', 'TOTOLE CHICKEN BOUILLON S', '', '', '2', 'CTNS', '75.00', 'per', 'CTNS', '0.000', '150.00']
['', '', '', '', '', '', '', '', '', '', '', '16.20', '10.9']
['210', 'MS100', 'AJINOMOTO MSG', '', '3 LBS', '2', 'CTNS', '74.00', 'per CTNS', '', '0.000', '148.00']
['Invoice', '#:', '769301', 'Invoice date:', '09/24/18', 'Customer: YO', '', 'YOSHU INC(SALWEEN TH.REST', 'Sales rep:', '5']
['240', 'PW239B', 'TOTOLE CHICKEN POWDER XL', '', '', '4', 'CTNS', '72.50', 'per', 'CTNS', '0.000', '290.00']
['', '', '5 LBS X', '6 BAGS', '', '66.50', 'CTNS', '', '', '', '0.000', '266.00']
['', '', '', '', '', '', '', '', '', '', '', '24.00', '8.3']
['250', 'TA126', 'WUFU TAPIOCA PEARL', '', '*BLACK', '1', 'CTNS', '52.00', 'per', 'CTNS', '0.000', '52.00']
['', '', '6.6 LBS X', '6 BG', '*2607529*', '45.00', 'CTNS', '', '', '', '0.000', '45.00']
['', '', '', '', '', '', '', '', '', '', '', '7.00', '13.5']
['270', 'BM100', 'B.BEAN SNACK (U ZA NA)', '', '', '3', 'CTNS', '75.00', 'per', 'CTNS', '0.000', '225.00']
['', '', '2.11 OZ X', '10 X', '20 BAGS', '65.00', 'CTNS', '', '', '', '0.000', '195.00']
['', '', '', '', '', '', '', '', '', '', '', '30.00', '13.3']
['280', 'ED140', "HALE'S BLUE BOY", '', '*RED*', '3', 'CTNS', '26.00', 'per', 'CTNS', '0.000', '78.00']
['', '', '710 ML X', '12 BTLS', '*SALA*', '22.00', 'CTNS', '', '', '', '0.000', '66.00']
['', '', '', '', '', '', '', '', '', '', '', '12.00', '15.4']
['290', 'ED141', "HALE'S BLUE BOY", '', '*GREEN*', '3', 'CTNS', '26.00', 'per', 'CTNS', '0.000', '78.00']
['', '', '710 ML. X', '12 BOTTLES', '', '20.00', 'CTNS', '', '', '', '0.000', '60.00']
['', '', '', '', '', '', '', '', '', '', '', '18.00', '23.1']
['310', 'PW133', 'CHA BB JUICE STRAWBERRY', '', '', '1', 'CTNS', '45.00', 'per', 'CTNS', '0.000', '45.00']
['', '', '5 LBS X', '6', '', '40.00', 'CTNS', '', '', '', '0.000', '40.00']
['', '', '', '', '', '', '', '', '', '', '', '5.00', '11.1']
['320', 'PW133B', 'CHA BB JUICE MANGO', '', '', '1', 'CTNS', '45.00', 'per', 'CTNS', '0.000', '45.00']
['', '', '5 LBS X', '6 JARS', '', '40.00', 'CTNS', '', '', '', '0.000', '40.00']
['', '', '', '', '', '', '', '', '', '', '', '5.00', '11.1']
['', '', '', '', '', '', '', '', '', '', '3.00', '12.8']
['360', 'UT124', 'BAMBOO CHOPSTICK w/ WHITE', '', '', '1', 'CTNS', '23.50', 'per CTNS', '0.000', '23.50']
['', '', '', '', '', '', '', '', '', '', '23.86', '24.9']
['340', 'COF109', 'TRUNG NGUYEN COFFE', '', '*50PK', '2', 'CTNS', '48.00', 'per CTNS', '0.000', '96.00']
['Invoice', '#:', '769301', 'Invoice date:', '09/24/18', 'Customer: YO', '', 'YOSHU INC(SALWEEN TH.REST', 'Sales rep:', '5']
['', '', '', '', '', '', '', '', '', '', '23.86', '24.9']
['350', 'UT002', 'JUMBO STRAW', '', '8" STRIP ong', '1', 'CTNS', '50.00', 'per CTNS', '0.000', '50.00']
['', '', '40 PCS/100 BAGS', '', 'hut', '45.00', 'CTNS', '', '', '0.000', '45.00']
['', '', '', '', '', '', '', '', '', '', '5.00', '10.0']
['360', 'UT124', 'BAMBOO CHOPSTICK w/ WHITE', '', '', '1', 'CTNS', '23.50', 'per CTNS', '0.000', '23.50']
['', '', '100 PAIRS X', '', '20 ENVELOPE', '20.50', 'CTNS', '', '', '0.000', '20.50']
['', '', '', '', '', '', '', '', '', '', '3.00', '12.8']
['410', 'UT818', 'PALLET', '', '', '1', 'CTNS', '7.00', 'per CTNS', '0.000', '7.00']
['', '', 'EACH', '', '', '5.75', 'CTNS', '', '', '0.000', '5.75']
['', '', '', '', '', '', '', '', '', '', '1.25', '17.9']
['', '', '', '', '', '', '', '', 'Invoice totals:', '', '3558.00']
['', '', '', '', '', '', '', '', '', '', '3038.81']
['', '', '', '', '', '', '', '', '', '', '519.19', '14.6']
['', '', '', '', '', '', '', '', '', '', '', '', '', '5.10', '24.1']
['130', 'DK130', 'DK DANISH RAISIN STICK', '', '', '', '', '10', 'EACH', '2.35', 'per', 'EACH', '10.000', '21.15']
['', '', '', '', '', '', '', '', '', '', '', '', '', '9.10', '9.2']
['105', 'FR800A', 'FR. vege HAM ORG', '', '', '*DV10*', '', '1', 'CTNS', '99.00', 'per', 'CTNS', '0.000', '99.00']
['', '', '', '', '', '', '', '', '', '', '', '', '', '2.75', '9.5']
['70', 'FR373', 'FR. PAN FRIED NOODLE', '', '', '', '*S*', '1', 'CTNS', '29.00', 'per', 'CTNS', '0.000', '29.00']
['', '', '', '', '', '', '', '', '', '', '', '', '', '56.00', '16.3']
['40', 'FR331A', 'VISOY TOFU REGULAR', '', '', '', '', '20', 'CTNS', '17.20', 'per', 'CTNS', '0.000', '344.00']
['', '', '', '', '', '', '', '', '', '', '', '', '', '3.00', '10.8']
['20', 'WK105C', 'WOO KEE PAD THAI', '', '', '1 LB', '', '30', 'BAGS', '0.93', 'per BAGS', '', '0.000', '27.90']
['Invoice', '#:', '769302', 'Invoice date:', '09/24/18', 'Customer: T029', 'VIET HAO MARKET', 'Sales rep:', '5']
['50', 'FR331B', 'VISOY TOFU SOFT', '', '', '', '', '2', 'CTNS', '17.20', 'per', 'CTNS', '0.000', '34.40']
['', '', '12 EACH', '/CASE', '', '', '', '14.00', 'CTNS', '', '', '', '0.000', '28.00']
['', '', '', '', '', '', '', '', '', '', '', '', '', '6.40', '18.6']
['70', 'FR373', 'FR. PAN FRIED NOODLE', '', '', '', '*S*', '1', 'CTNS', '29.00', 'per', 'CTNS', '0.000', '29.00']
['', '', '12OZ X', '15 BAG', '#PN1090', '', '', '26.25', 'CTNS', '', '', '', '0.000', '26.25']
['', '', '', '', '', '', '', '', '', '', '', '', '', '2.75', '9.5']
['80', 'FR377', 'SO.CAL. FRESH EGG NOODLE', '', '', '', '', '1', 'CTNS', '48.00', 'per', 'CTNS', '0.000', '48.00']
['', '', '15 OZ X', '30 BOX', '**SMALL**', '', '', '43.50', 'CTNS', '', '', '', '0.000', '43.50']
['', '', '', '', '', '', '', '', '', '', '', '', '', '4.50', '9.4']
['105', 'FR800A', 'FR. vege HAM ORG', '', '', '*DV10*', '', '1', 'CTNS', '99.00', 'per', 'CTNS', '0.000', '99.00']
['', '', '2.2 LBS X', '10 PK', '', '', '', '89.90', 'CTNS', '', '', '', '0.000', '89.90']
['', '', '', '', '', '', '', '', '', '', '', '', '', '9.10', '9.2']
['120', 'DK129', 'DK SPONGE CAKE', '', '', '', '', '20', 'EACH', '1.39', 'per', 'EACH', '10.000', '25.02']
['', '', 'EACH', '', '', '', '', '1.0425', 'EACH', '', '', '', '0.000', '20.85']
['', '', '', '', '', '', '', '', '', '', '', '', '', '4.17', '16.7']
['130', 'DK130', 'DK DANISH RAISIN STICK', '', '', '', '', '10', 'EACH', '2.35', 'per', 'EACH', '10.000', '21.15']
['', '', 'EACH', '', '', '', '', '1.605', 'EACH', '', '', '', '0.000', '16.05']
['', '', '', '', '', '', '', '', '', '', '', '', '', '5.10', '24.1']
['150', 'FR325', "O'TASTY BBQ PORK BUN", '', '', '', '8pcs', '2', 'CTNS', '41.00', 'per', 'CTNS', '0.000', '82.00']
['', '', '24 OZ X', '10 BG', '', '(3oz/pcs)', '', '32.00', 'CTNS', '', '', '', '0.000', '64.00']
['', '', '', '', '', '', '', '', '', '', '', '', '', '18.00', '22.0']
['', '', '', '', '', '', '', '', '', '', '', '', '', '13.00', '10.6']
['260', 'DV227', '', 'AFC FRESH FU PUI', '', '*S*', '', '1', 'CTNS', '', '123.00', 'per CTNS', '0.000', '123.00']
['', '', '', '', '', '', '', '', '', '', '', '', '', '68.24', '37.9']
['230', 'FR183', '', 'OF CHA CA THAT LAT', '', '', '', '1', 'CTNS', '', '180.00', 'per CTNS', '0.000', '180.00']
['', '', '', '', '', '', '', '', '', '', '', '', '', '8.10', '9.8']
['210', 'TH107A', '', 'TAYHO THIT DOI HEO (CURED', '', '', '', '1', 'CTNS', '', '82.50', 'per CTNS', '0.000', '82.50']
['', '', '', '', '', '', '', '', '', '', '', '', '', '16.80', '44.2']
['190', 'FR711', '', 'FR. SLICED CORN (BAP BAO)', '', '', '', '1', 'CTNS', '', '38.00', 'per CTNS', '0.000', '38.00']
['', '', '', '', '', '', '', '', '', '', '', '', '', '11.32', '30.6']
['170', 'FR710B', '', 'FR. COOK UNPEEL CORN', '', '3 PC', '', '1', 'CTNS', '', '37.00', 'per CTNS', '0.000', '37.00']
['Invoice', '#:', '769302', 'Invoice date:', '', '09/24/18', 'Customer: T029', '', '', 'VIET HAO MARKET', '', 'Sales rep:', '5']
['200', 'FR600A', '', 'OF STEAMED MACKEREL', '', '2PCS', '', '1', 'CTNS', '', '84.00', 'per CTNS', '0.000', '84.00']
['', '', '', '7 OZ X', '48 *VN* CA HAP VI', '', '', '60.96', 'CTNS', '', '', '', '0.000', '60.96']
['', '', '', '', '', '', '', '', '', '', '', '', '', '23.04', '27.4']
['210', 'TH107A', '', 'TAYHO THIT DOI HEO (CURED', '', '', '', '1', 'CTNS', '', '82.50', 'per CTNS', '0.000', '82.50']
['', '', '', '14 OZ X', '24', 'PORK SAUSAGE)', '', '74.40', 'CTNS', '', '', '', '0.000', '74.40']
['', '', '', '', '', '', '', '', '', '', '', '', '', '8.10', '9.8']
['220', 'TH104', '', 'TAYHO BEEF TENDON BALLS', '', '', '', '1', 'CTNS', '', '94.00', 'per CTNS', '0.000', '94.00']
['', '', '', '13 OZ X', '24', 'bo vien gan', '', '85.20', 'CTNS', '', '', '', '0.000', '85.20']
['', '', '', '', '', '', '', '', '', '', '', '', '', '8.80', '9.4']
['230', 'FR183', '', 'OF CHA CA THAT LAT', '', '', '', '1', 'CTNS', '', '180.00', 'per CTNS', '0.000', '180.00']
['', '', '', '14 OZ X', '50 BG', 'VIETNAM', '', '111.76', 'CTNS', '', '', '', '0.000', '111.76']
['', '', '', '', '', '', '', '', '', '', '', '', '', '68.24', '37.9']
['240', 'FR822B', '', 'FR. SQUID W/R U/2', '', '*INDIA*', '', '2', 'CTNS', '', '198.00', 'per CTNS', '0.000', '396.00']
['', '', '', '44 LBS gradeA', '', '$4.50/LB', '', '145.20', 'CTNS', '', '', '', '0.000', '290.40']
['', '', '', '', '', '', '', '', '', '', '', '', '', '105.60', '26.7']
['260', 'DV227', '', 'AFC FRESH FU PUI', '', '*S*', '', '1', 'CTNS', '', '123.00', 'per CTNS', '0.000', '123.00']
['', '', '', '8 OZ X', '40 BAGS', '', '', '110.00', 'CTNS', '', '', '', '0.000', '110.00']
['', '', '', '', '', '', '', '', '', '', '', '', '', '13.00', '10.6']
['270', 'FR703A', '', 'FR. MI CAN GLUTEN ROLL', '', '', '', '1', 'CTNS', '', '74.00', 'per CTNS', '0.000', '74.00']
['', '', '', '14 OZ X', '48 BAG LABOLE', '', '', '72.00', 'CTNS', '', '', '', '0.000', '72.00']
['', '', '', '', '', '', '', '', '', '', '', '', '', '2.00', '2.7']
['', '', '', '', '', '', '', '', '', '', '', '', '', '10.88', '20.9']
['400', 'SS107E', '', 'CJ KALBI RIB SAUCE', '', '*L*', '', '2', 'CTNS', '', '26.00', 'per CTNS', '0.000', '52.00']
['', '', '', '', '', '', '', '', '', '', '', '', '', '3.00', '9.8']
['380', 'DD132', '', 'KTT BOT BANH GIO', '', '* A-07', '', '1', 'CTNS', '', '30.50', 'per CTNS', '0.000', '30.50']
['', '', '', '', '', '', '', '', '', '', '', '', '', '19.42', '9.1']
['340', 'UT613A', '', 'TIGER RICE COOKER', '', '10 CUP*', '', '2', 'EACH', '', '107.00', 'per EACH', '0.000', '214.00']
['', '', '', '', '', '', '', '', '', '', '', '', '', '4.00', '12.9']
['310', 'NO324', '', 'UDON SHRIMP FLAVOR', '', '', '', '2', 'CTNS', '', '15.50', 'per CTNS', '0.000', '31.00']
['', '', '', '', '', '', '', '', '', '', '', '', '', '10.86', '22.6']
['290', 'CH101A', '', 'MINH P JACKFRUIT CHIP', '', '', '', '1', 'CTNS', '', '48.00', 'per CTNS', '0.000', '48.00']
['Invoice', '#:', '769302', 'Invoice date:', '', '09/24/18', 'Customer: T029', '', '', 'VIET HAO MARKET', '', 'Sales rep:', '5']
['330', 'BR115', '', 'NEW CHOICE CHICKEN BROTH', '', '', '', '10', 'CTNS', '', '5.80', 'per CTNS', '0.000', '58.00']
['', '', '', '14 OZ X', '12 CAN soup ga', '', '', '5.20', 'CTNS', '', '', '', '0.000', '52.00']
['', '', '', '', '', '', '', '', '', '', '', '', '', '6.00', '10.3']
['340', 'UT613A', '', 'TIGER RICE COOKER', '', '10 CUP*', '', '2', 'EACH', '', '107.00', 'per EACH', '0.000', '214.00']
['', '', '', 'EACH JNP-S18U STAINLESS', '', '', '', '97.29', 'EACH', '', '', '', '0.000', '194.58']
['', '', '', '', '', '', '', '', '', '', '', '', '', '19.42', '9.1']
['350', 'UT613B', '', 'TIGER RICE COOKR', '', '5.5 CUP*', '', '1', 'EACH', '', '96.00', 'per EACH', '0.000', '96.00']
['', '', '', 'EACH JNP-S10U stainless', '', '', '', '86.57', 'EACH', '', '', '', '0.000', '86.57']
['', '', '', '', '', '', '', '', '', '', '', '', '', '9.43', '9.8']
['380', 'DD132', '', 'KTT BOT BANH GIO', '', '* A-07', '', '1', 'CTNS', '', '30.50', 'per CTNS', '0.000', '30.50']
['', '', '', '12Z/50 ST PORK RICE FLOUR', '', '', '', '27.50', 'CTNS', '', '', '', '0.000', '27.50']
['', '', '', '', '', '', '', '', '', '', '', '', '', '3.00', '9.8']
['390', 'HM100A', '', 'FORTUNE LUNCHEON MEAT', '', '', '', '2', 'CTNS', '', '67.00', 'per CTNS', '0.000', '134.00']
['', '', '', '12 OZ X', '24 CAN', '* RED', '*', '61.00', 'CTNS', '', '', '', '0.000', '122.00']
['', '', '', '', '', '', '', '', '', '', '', '', '', '12.00', '9.0']
['400', 'SS107E', '', 'CJ KALBI RIB SAUCE', '', '*L*', '', '2', 'CTNS', '', '26.00', 'per CTNS', '0.000', '52.00']
['', '', '', '840 GM X', '8', '', '', '20.56', 'CTNS', '', '', '', '0.000', '41.12']
['', '', '', '', '', '', '', '', '', '', '', '', '', '10.88', '20.9']
['410', 'SS107A', '', 'CJ KALBI RIB SAUCE', '', '*S*', '', '2', 'CTNS', '', '28.00', 'per CTNS', '0.000', '56.00']
['', '', '', '16.9 OZ X', '12', '', '', '21.72', 'CTNS', '', '', '', '0.000', '43.44']
['', '', '', '', '', '', '', '', '', '', '', '', '', '12.56', '22.4']
['', '', '', '', '', '', '', '', '', '', '', '', '10.00', '16.7']
['490', 'SW143', 'DR SEAWEED STRIP/HOI DAI', '', '', '', '1', 'CTNS', '60.00', 'per', 'CTNS', '0.000', '60.00']
['', '', '', '', '', '', '', '', '', '', '', '', '45.00', '32.1']
['470', 'COF181', 'CAFE PHO', '3IN1 (BOX) WORLD', '', '', '1', 'CTNS', '140.00', 'per', 'CTNS', '0.000', '140.00']
['', '', '', '', '', '', '', '', '', '', '', '', '15.08', '50.3']
['450', 'PW228', 'KNORR GV CA KHO TO', '', '', '', '1', 'CTNS', '30.00', 'per', 'CTNS', '0.000', '30.00']
['', '', '', '', '', '', '', '', '', '', '', '', '10.88', '20.9']
['430', 'SS107D', 'CJ HOT & SPICY SAUCE', '', '', '*L*', '2', 'CTNS', '26.00', 'per CTNS', '', '0.000', '52.00']
['Invoice', '#:', '769302', 'Invoice date:', '09/24/18', 'Customer: T029', 'VIET HAO MARKET', 'Sales rep:', '5']
['', '', '', '', '', '', '', '', '', '', '', '', '15.08', '50.3']
['460', 'PW506', 'GC CA PHE SUA DA', '', '', '**', '2', 'CTNS', '47.00', 'per', 'CTNS', '0.000', '94.00']
['', '', '10 OZ X', '24 BOX', '', '', '42.00', 'CTNS', '', '', '', '0.000', '84.00']
['', '', '', '', '', '', '', '', '', '', '', '', '10.00', '10.6']
['470', 'COF181', 'CAFE PHO', '3IN1 (BOX) WORLD', '', '', '1', 'CTNS', '140.00', 'per', 'CTNS', '0.000', '140.00']
['', '', '24 GM X', '10S X', '60 BOX', 'CUP', '95.00', 'CTNS', '', '', '', '0.000', '95.00']
['', '', '', '', '', '', '', '', '', '', '', '', '45.00', '32.1']
['480', 'DD145A', 'VT BOT BAP', '', '*L*', '', '2', 'CTNS', '20.00', 'per', 'CTNS', '0.000', '40.00']
['', '', '14 OZ X', '20 BAGS', '', '', '14.04', 'CTNS', '', '', '', '0.000', '28.08']
['', '', '', '', '', '', '', '', '', '', '', '', '11.92', '29.8']
['490', 'SW143', 'DR SEAWEED STRIP/HOI DAI', '', '', '', '1', 'CTNS', '60.00', 'per', 'CTNS', '0.000', '60.00']
['', '', '3.5 OZ X', '100 BAG YEFENG', '', '', '50.00', 'CTNS', '', '', '', '0.000', '50.00']
['', '', '', '', '', '', '', '', '', '', '', '', '10.00', '16.7']
['510', 'UT818', 'PALLET', '', '', '', '1', 'CTNS', '7.00', 'per', 'CTNS', '0.000', '7.00']
['', '', 'EACH', '', '', '', '5.75', 'CTNS', '', '', '', '0.000', '5.75']
['', '', '', '', '', '', '', '', '', '', '', '', '1.25', '17.9']
['', '', '', '', '', '', '', '', '', '', 'Invoice', 'totals:', '3464.47']
['', '', '', '', '', '', '', '', '', '', '', '', '2824.29']
['', '', '', '', '', '', '', '', '', '', '', '', '640.18', '18.5']
['', '', '', '', '', '', '', '', '', '', '', '', '6.00', '10.0']
['120', 'CO170', 'MAJESTIC ASSOTED BISCUI', '', '', '*', '2', 'EACH', '30.00', 'per', 'CTNS', '0.000', '60.00']
['', '', '', '', '', '', '', '', '', '', '', '', '14.60', '19.5']
['80', 'FD109', 'FOCO TAMARIND JUICE*', '', '', '[D13', '5', 'CTNS', '15.00', 'per', 'CTNS', '0.000', '75.00']
['', '', '', '', '', '', '', '', '', '', '', '', '78.22', '48.3']
['60', 'UT180A', '2 PLY BLANKET', '', '', '200X240 CM', '1', 'CTNS', '162.00', 'per', 'CTNS', '0.000', '162.00']
['', '', '', '', '', '', '', '', '', '', '', '', '35.64', '31.8']
['40', 'FR115BB', 'OF TRE VANG', '', '500/800', '', '2', 'CTNS', '56.10', 'per', 'CTNS', '0.000', '112.20']
['', '', '', '', '', '', '', '', '', '', '', '', '5.50', '11.2']
['10', 'FR125', 'SUN THIT OC BU SNAIL MEAT', '', '', '', '1', 'CTNS', '49.00', 'per CTNS', '', '0.000', '49.00']
['Invoice', '#:', '769303', 'Invoice date:', '09/24/18', 'Customer: KAREN', 'KAREN ASIAN MARKET', 'Sales rep:', '5']
['50', 'FD170', 'JELLY BROWN STRAWBERRY', '', '', '', '15', 'CTNS', '9.50', 'per', 'CTNS', '0.000', '142.50']
['', '', '10 X', '4 X', '3.4 OZ', 'CRV010', '7.50', 'CTNS', '', '', '', '0.000', '112.50']
['', '', '', '', '', '', '', '', '', '', '', '', '30.00', '21.1']
['60', 'UT180A', '2 PLY BLANKET', '', '', '200X240 CM', '1', 'CTNS', '162.00', 'per', 'CTNS', '0.000', '162.00']
['', '', '6 PCS/CS', '', '*HAPPY FAMILY*', '', '83.78', 'CTNS', '', '', '', '0.000', '83.78']
['', '', '', '', '', '', '', '', '', '', '', '', '78.22', '48.3']
['70', 'FD105B', 'FOCO ROAST. COCONUT JUICE', '', '', '', '10', 'CTNS', '14.75', 'per', 'CTNS', '0.000', '147.50']
['', '', '11.8 OZ X', '', '24 CANcrv2', '', '11.50', 'CTNS', '', '', '', '0.000', '115.00']
['', '', '', '', '', '', '', '', '', '', '', '', '32.50', '22.0']
['80', 'FD109', 'FOCO TAMARIND JUICE*', '', '', '[D13', '5', 'CTNS', '15.00', 'per', 'CTNS', '0.000', '75.00']
['', '', '11.8 OZ X', '', '24 CAN CRV002', '', '12.08', 'CTNS', '', '', '', '0.000', '60.40']
['', '', '', '', '', '', '', '', '', '', '', '', '14.60', '19.5']
['110', 'CO169', 'CITY ASSORTED BISCUITS', '', '', '*', '2', 'CTNS', '30.00', 'per', 'CTNS', '0.000', '60.00']
['', '', '700 G X', '6 TIN', '', '[G32b]', '27.00', 'CTNS', '', '', '', '0.000', '54.00']
['', '', '', '', '', '', '', '', '', '', '', '', '6.00', '10.0']
['120', 'CO170', 'MAJESTIC ASSOTED BISCUI', '', '', '*', '2', 'EACH', '30.00', 'per', 'CTNS', '0.000', '60.00']
['', '', '800 G X', '6 TINS', '', 'BISCUIT', '27.00', 'EACH', '', '', '', '0.000', '54.00']
['', '', '', '', '', '', '', '', '', '', '', '', '6.00', '10.0']
['130', 'CO171', 'LUCKY LOVE ASSORTED BISCU', '', '', '', '2', 'CTNS', '30.00', 'per', 'CTNS', '0.000', '60.00']
['', '', '28.2 OZ X', '6 TIN', '', '*', '27.00', 'CTNS', '', '', '', '0.000', '54.00']
['', '', '', '', '', '', '', '', '', '', '', '', '6.00', '10.0']
['', '', '', '', '', '', '', '', '', '', '', '', '', '', '5.00', '9.6']
['230', 'ED116', '', 'DAU CA CUON MAENGDANA FLV', '', '', '', '2', 'BOX', '', '26.00', 'per', 'BOX', '0.000', '52.00']
['', '', '', '', '', '', '', '', '', '', '', '', '', '', '8.00', '9.5']
['210', 'NO470A', '', 'VIFON CHAO GA', '', '*BOWL*', '', '2', 'CTNS', '', '42.00', 'per', 'CTNS', '0.000', '84.00']
['', '', '', '', '', '', '', '', '', '', '', '', '', '', '5.00', '8.9']
['190', 'NO145', '', 'MEI FF TOM YUM NOODLE', '', '', '', '2', 'CTNS', '', '28.00', 'per', 'CTNS', '0.000', '56.00']
['', '', '', '', '', '', '', '', '', '', '', '', '', '', '3.00', '9.4']
['170', 'FL170', '', 'ERAWAN GLUTINOUS FLOUR  .', '', '', '', '2', 'CTNS', '', '16.00', 'per', 'CTNS', '0.000', '32.00']
['', '', '', '', '', '', '', '', '', '', '', '', '', '', '20.00', '9.3']
['150', 'ED103', '', 'M-150 DRINK bottle', '', '', '[C16]', '10', 'CTNS', '', '21.50', 'per CTNS', '', '0.000', '215.00']
['Invoice', '#:', '769303', 'Invoice date:', '', '09/24/18', '', 'Customer: KAREN', '', 'KAREN ASIAN MARKET', '', '', 'Sales rep:', '5']
['180', 'NO146', '', 'MEI FF TOM YUM SEAFOOD', '', '', '', '1', 'CTNS', '', '28.50', 'per', 'CTNS', '0.000', '28.50']
['', '', '', '65G/36 BOWL', '', '', '*CREAMY*', '25.50', 'CTNS', '', '', '', '', '0.000', '25.50']
['', '', '', '', '', '', '', '', '', '', '', '', '', '', '3.00', '10.5']
['190', 'NO145', '', 'MEI FF TOM YUM NOODLE', '', '', '', '2', 'CTNS', '', '28.00', 'per', 'CTNS', '0.000', '56.00']
['', '', '', '65 G X', '36 BOWL', '', '[J13]', '25.50', 'CTNS', '', '', '', '', '0.000', '51.00']
['', '', '', '', '', '', '', '', '', '', '', '', '', '', '5.00', '8.9']
['200', 'NO458', '', 'VIFON CHAO GA', '', '*BAG*', '', '1', 'BDL', '', '35.00', 'per', 'BDL', '0.000', '35.00']
['', '', '', '2.1z (3 X', '', '50) chao ga J19', '', '31.50', 'BDL', '', '', '', '', '0.000', '31.50']
['', '', '', '', '', '', '', '', '', '', '', '', '', '', '3.50', '10.0']
['210', 'NO470A', '', 'VIFON CHAO GA', '', '*BOWL*', '', '2', 'CTNS', '', '42.00', 'per', 'CTNS', '0.000', '84.00']
['', '', '', '36 BOWL', '*chao ga*', '', '[J25]', '38.00', 'CTNS', '', '', '', '', '0.000', '76.00']
['', '', '', '', '', '', '', '', '', '', '', '', '', '', '8.00', '9.5']
['220', 'NO331', '', 'MAMA TOMYUM NOODLE (BAG)', '', '', '', '3', 'CTNS', '', '46.00', 'per', 'CTNS', '0.000', '138.00']
['', '', '', '2.1 OZ X', '(6 X', '30)', '', '40.00', 'CTNS', '', '', '', '', '0.000', '120.00']
['', '', '', '', '', '', '', '', '', '', '', '', '', '', '18.00', '13.0']
['230', 'ED116', '', 'DAU CA CUON MAENGDANA FLV', '', '', '', '2', 'BOX', '', '26.00', 'per', 'BOX', '0.000', '52.00']
['', '', '', '.10 OZ. X', '', '24 BTL pantai', '', '23.50', 'BOX', '', '', '', '', '0.000', '47.00']
['', '', '', '', '', '', '', '', '', '', '', '', '', '', '5.00', '9.6']
['240', 'FC101', '', 'GREEN FOOD COLOR', '', '', '', '1', 'PACK', '', '15.00', 'per', 'PACK', '0.000', '15.00']
['', '', '', '1 OZ. X', '', '6 PACKS (DURKEE)', '', '12.12', 'PACK', '', '', '', '', '0.000', '12.12']
['', '', '', '', '', '', '', '', '', '', '', '', '', '', '2.88', '19.2']
['', '', '', '', '', '', '', '', '', '', '', '', '', '', '15.70', '27.3']
['340', 'FD109I', '', 'MOGU MOGU ORANGE DR. W/', '', '', '', '5', 'CTNS', '', '11.50', 'per', 'CTNS', '0.000', '57.50']
['', '', '', '', '', '', '', '', '', '', '', '', '', '', '15.70', '27.3']
['320', 'FD109G', '', 'MOGU MOGU MANGO DR. W/', '', '', '', '5', 'CTNS', '', '11.50', 'per', 'CTNS', '0.000', '57.50']
['', '', '', '', '', '', '', '', '', '', '', '', '', '', '15.70', '27.3']
['300', 'FD109C', '', 'MOGU MOGU COCONUT DR. W/', '', '', '', '5', 'CTNS', '', '11.50', 'per', 'CTNS', '0.000', '57.50']
['', '', '', '', '', '', '', '', '', '', '', '', '', '', '16.00', '8.0']
['280', 'RS231', '', 'NG FUNG FINE VERM.bun', '', '', '*S*', '4', 'CTNS', '', '50.00', 'per', 'CTNS', '0.000', '200.00']
['', '', '', '', '', '', '', '', '', '', '', '', '', '', '11.00', '9.8']
['260', 'SD121', '', 'LIGO SARDINE RED', '', '', '5.5 OZ', '2', 'CTNS', '', '56.00', 'per CTNS', '', '0.000', '112.00']
['Invoice', '#:', '769303', 'Invoice date:', '', '09/24/18', '', 'Customer: KAREN', '', 'KAREN ASIAN MARKET', '', '', 'Sales rep:', '5']
['290', 'MS101', '', 'AJINOMOTO MSG (BAGS)', '', '', '', '2', 'CTNS', '', '77.00', 'per', 'CTNS', '0.000', '154.00']
['', '', '', '16 OZ X', '48 BAGS', '', '[C30]', '68.10', 'CTNS', '', '', '', '', '0.000', '136.20']
['', '', '', '', '', '', '', '', '', '', '', '', '', '', '17.80', '11.6']
['300', 'FD109C', '', 'MOGU MOGU COCONUT DR. W/', '', '', '', '5', 'CTNS', '', '11.50', 'per', 'CTNS', '0.000', '57.50']
['', '', '', '320ML X', '', '24 NATA COCO', '', '8.36', 'CTNS', '', '', '', '', '0.000', '41.80']
['', '', '', '', '', '', '', '', '', '', '', '', '', '', '15.70', '27.3']
['310', 'FD109E', '', 'MOGU MOGU LYCHEE DR. W/', '', '', '', '5', 'CTNS', '', '11.50', 'per', 'CTNS', '0.000', '57.50']
['', '', '', '320ML X', '', '24 NATA COCO', '', '8.36', 'CTNS', '', '', '', '', '0.000', '41.80']
['', '', '', '', '', '', '', '', '', '', '', '', '', '', '15.70', '27.3']
['320', 'FD109G', '', 'MOGU MOGU MANGO DR. W/', '', '', '', '5', 'CTNS', '', '11.50', 'per', 'CTNS', '0.000', '57.50']
['', '', '', '320ML X', '', '24 NATA COCO', '', '8.36', 'CTNS', '', '', '', '', '0.000', '41.80']
['', '', '', '', '', '', '', '', '', '', '', '', '', '', '15.70', '27.3']
['330', 'FD109H', '', 'MOGU MOGU PINAPPLE DR. W/', '', '', '', '2', 'CTNS', '', '11.50', 'per', 'CTNS', '0.000', '23.00']
['', '', '', '320ML X', '', '24 NATA COCO', '', '8.36', 'CTNS', '', '', '', '', '0.000', '16.72']
['', '', '', '', '', '', '', '', '', '', '', '', '', '', '6.28', '27.3']
['340', 'FD109I', '', 'MOGU MOGU ORANGE DR. W/', '', '', '', '5', 'CTNS', '', '11.50', 'per', 'CTNS', '0.000', '57.50']
['', '', '', '320ML X', '', '24 NATA COCO', '', '8.36', 'CTNS', '', '', '', '', '0.000', '41.80']
['', '', '', '', '', '', '', '', '', '', '', '', '', '', '15.70', '27.3']
['350', 'FD109R', '', 'MOGU MOGU PASSIONFRUIT W', '', '', '', '1', 'CTNS', '', '11.50', 'per', 'CTNS', '0.000', '11.50']
['', '', '', '320ML X', '', '24 NATA COCO', '', '8.36', 'CTNS', '', '', '', '', '0.000', '8.36']
['', '', '', '', '', '', '', '', '', '', '', '', '', '', '3.14', '27.3']
['Invoice', '#:', '769303', 'Invoice date:', '09/24/18', 'Customer: KAREN', 'KAREN ASIAN MARKET', 'Sales rep:', '5']
['', '', '', '', '', '', 'Gross-margin', 'Margin-%']
['360', 'UT818', 'PALLET', '1', 'CTNS', '7.00', 'per CTNS', '0.000', '7.00']
['', '', 'EACH', '5.75', 'CTNS', '', '', '0.000', '5.75']
['', '', '', '', '', '', '', '', '1.25', '17.9']
['', '', '', '', '', '', 'Invoice totals:', '', '3161.20']
['', '', '', '', '', '', '', '', '2653.56']
['', '', '', '', '', '', '', '', '507.64', '16.1']
['', '', '', '', '', '', '', '', '', '', '', '', '', '85.00', '9.3']
['140', 'TA120', 'WUFU TAPIOCA PEARL', '', '', '', '*BLACK', '17', 'CTNS', '54.00', 'per', 'CTNS', '0.000', '918.00']
['', '', '', '', '', '', '', '', '', '', '', '', '', '33.60-', '0.0']
['120', 'COF161', 'VINA', '3IN1 CAFE', '', '*20 SACH*', '', '1', 'CTNS', '0.00', 'per', 'CTNS', '0.000', '0.00']
['', '', '', '', '', '', '', '', '', '', '', '', '171.00-', '0.0']
['100', 'COF109A', 'TRUNG NGUYEN COFFE', '', '', '*100ST', '5', 'CTNS', '0.00', 'per', 'CTNS', '0.000', '0.00']
['', '', '', '', '', '', '', '', '', '', '', '', '6.80', '6.1']
['60', 'SA110', 'LKK BLACK BEAN GARLIC', '', '', '13z', '4', 'CTNS', '28.00', 'per', 'CTNS', '0.000', '112.00']
['', '', '', '', '', '', '', '', '', '', '', '', '40.00', '10.1']
['30', 'COF130', 'CAFE DU MONDE', '', '', '', '4', 'CTNS', '99.00', 'per CTNS', '', '0.000', '396.00']
['Invoice', '#:', '769304', 'Invoice date:', '09/26/18', 'Customer: J004', 'JDJ TRADING COMPANY', 'Sales rep:', '17']
['', '', '', '', '', '', '', '', '', '', '', '', '6.80', '6.1']
['90', 'COF109A', 'TRUNG NGUYEN COFFE', '', '', '*100ST', '50', 'CTNS', '50.00', 'per', 'CTNS', '0.000', '2500.00']
['', '', '100 X', '5', '3in1 EXPORT', '10+1', '34.20', 'CTNS', '', '', '', '0.000', '1710.00']
['', '', '', '', '', '', '', '', '', '', '', '', '790.00', '31.6']
['100', 'COF109A', 'TRUNG NGUYEN COFFE', '', '', '*100ST', '5', 'CTNS', '0.00', 'per', 'CTNS', '0.000', '0.00']
['', '', '100 X', '5', '3in1 EXPORT', '10+1', '34.20', 'CTNS', '', '', '', '0.000', '171.00']
['', '', '', '', '', '', '', '', '', '', '', '', '171.00-', '0.0']
['110', 'COF161', 'VINA', '3IN1 CAFE', '', '*20 SACH*', '', '10', 'CTNS', '44.00', 'per', 'CTNS', '0.000', '440.00']
['', '', '14 OZ X', '', '20 TB X', '20BG', '10+1', '33.60', 'CTNS', '', '', '', '0.000', '336.00']
['', '', '', '', '', '', '', '', '', '', '', '', '', '104.00', '23.6']
['120', 'COF161', 'VINA', '3IN1 CAFE', '', '*20 SACH*', '', '1', 'CTNS', '0.00', 'per', 'CTNS', '0.000', '0.00']
['', '', '14 OZ X', '', '20 TB X', '20BG', '10+1', '33.60', 'CTNS', '', '', '', '0.000', '33.60']
['', '', '', '', '', '', '', '', '', '', '', '', '', '33.60-', '0.0']
['130', 'CA200', 'WHITE RABBIT CREAMY CANDY', '', '', '', '', '8', 'CTNS', '83.00', 'per', 'CTNS', '0.000', '664.00']
['', '', '6.3 OZ X', '', '60 BAGS', '', '', '75.00', 'CTNS', '', '', '', '0.000', '600.00']
['', '', '', '', '', '', '', '', '', '', '', '', '', '64.00', '9.6']
['140', 'TA120', 'WUFU TAPIOCA PEARL', '', '', '', '*BLACK', '17', 'CTNS', '54.00', 'per', 'CTNS', '0.000', '918.00']
['', '', '8.8 OZ X', '', '36 BG', '*1607555*', '', '49.00', 'CTNS', '', '', '', '0.000', '833.00']
['', '', '', '', '', '', '', '', '', '', '', '', '', '85.00', '9.3']
['Invoice', '#:', '769304', 'Invoice date:', '09/26/18', 'Customer: J004', 'JDJ TRADING COMPANY', 'Sales rep:', '17']
['Seq# Item/Svc', '', '#', 'Description-1', '', 'Qty-shipped', 'Unit price', 'Lin-disc%', 'Ext-price']
['', '', '', 'Description-2', '', 'Unit cost', '', 'Ord-disc%', 'Ext-cost']
['', '', '', '', '', '', '', '', 'Gross-margin', 'Margin-%']
['', '', '', '', '', '', '', 'Invoice totals:', '5592.10']
['', '', '', '', '', '', '', '', '4634.04']
['', '', '', '', '', '', '', '', '958.06', '17.1']
['', '', '', '', '', '', '', '', '', '', '', '', '46.92', '28.6']
['160', 'RP111D', 'BANH TRANG MY THO SQUARE', '', '', '', '4', 'CTNS', '41.00', 'per', 'CTNS', '0.000', '164.00']
['', '', '', '', '', '', '', '', '', '', '', '', '15.00', '10.7']
['110', 'RI102', 'KODA SWEET RICE', '', '25 LBS', '', '5', 'BAG', '28.00', 'per', 'BAG', '0.000', '140.00']
['', '', '', '', '', '', '', '', '', '', '', '', '4.00', '10.8']
['80', 'NO248', 'LA BO DE MI CHAY', '', '', '', '2', 'BDL', '18.50', 'per', 'BDL', '0.000', '37.00']
['', '', '', '', '', '', '', '', '', '', '', '', '24.03', '23.6']
['50', 'RS104', 'MY THO BUN TUOI DAC BIET', '', '', '', '3', 'CTNS', '34.00', 'per', 'CTNS', '0.000', '102.00']
['', '', '', '', '', '', '', '', '', '', '', '', '9.65', '25.4']
['30', 'DD156', 'MIKKO BOT BANH XEO', '', '', '40BAG', '1', 'CTNS', '38.00', 'per CTNS', '', '0.000', '38.00']
['Invoice', '#:', '769305', 'Invoice date:', '09/24/18', 'Customer: S012', 'SAIGON SUPER MARKET', 'Sales rep:', '5']
['60', 'RS105', 'MY THO BANH HOI TUOI', '', '', '*VN*', '1', 'CTNS', '33.00', 'per', 'CTNS', '0.000', '33.00']
['', '', '12 OZ X', '40 BG', '', '', '24.48', 'CTNS', '', '', '', '0.000', '24.48']
['', '', '', '', '', '', '', '', '', '', '', '', '8.52', '25.8']
['80', 'NO248', 'LA BO DE MI CHAY', '', '', '', '2', 'BDL', '18.50', 'per', 'BDL', '0.000', '37.00']
['', '', '2.28 OZ', '(3 X', '30)', '[J16]', '16.50', 'BDL', '', '', '', '0.000', '33.00']
['', '', '', '', '', '', '', '', '', '', '', '', '4.00', '10.8']
['100', 'COF107B', 'NESCAFE VIET', '', '2n1', '*DEN BOX', '1', 'CTNS', '50.00', 'per', 'CTNS', '0.000', '50.00']
['', '', '240G/24', '', 'EXP:4/10/19', '', '37.28', 'CTNS', '', '', '', '0.000', '37.28']
['', '', '', '', '', '', '', '', '', '', '', '', '12.72', '25.4']
['110', 'RI102', 'KODA SWEET RICE', '', '25 LBS', '', '5', 'BAG', '28.00', 'per', 'BAG', '0.000', '140.00']
['', '', '25 LBS', '/ BAG', '', '', '25.00', 'BAG', '', '', '', '0.000', '125.00']
['', '', '', '', '', '', '', '', '', '', '', '', '15.00', '10.7']
['120', 'RI100', 'KODA SWEET RICE', '', '5 LBS', '', '1', 'CTNS', '74.00', 'per', 'CTNS', '0.000', '74.00']
['', '', '5 LBS X', '12 BAGS', '', '', '67.00', 'CTNS', '', '', '', '0.000', '67.00']
['', '', '', '', '', '', '', '', '', '', '', '', '7.00', '9.5']
['160', 'RP111D', 'BANH TRANG MY THO SQUARE', '', '', '', '4', 'CTNS', '41.00', 'per', 'CTNS', '0.000', '164.00']
['', '', '12 OZ X', '44 BAGS', '*22CM*', '', '29.27', 'CTNS', '', '', '', '0.000', '117.08']
['', '', '', '', '', '', '', '', '', '', '', '', '46.92', '28.6']
['180', 'NO240C', 'HAO HAO ONION SHRIMP mi', '', '', '', '1', 'BDL', '24.00', 'per', 'BDL', '0.000', '24.00']
['', '', '30 BAGS X', '', '3 BOX xao kho', '', '21.75', 'BDL', '', '', '', '0.000', '21.75']
['', '', '', '', '', '', '', '', '', '', '', '', '2.25', '9.4']
['', '', '', '', '', '', '', '', '', '', '', '2.50', '8.9']
['280', 'NO145', 'MEI FF TOM YUM NOODLE', '', '', '1', 'CTNS', '28.00', 'per', 'CTNS', '0.000', '28.00']
['', '', '', '', '', '', '', '', '', '', '', '17.50', '15.2']
['260', 'NO199', 'N-SHIM UDON BOWL NOODLE', '', '', '10', 'CTNS', '11.50', 'per', 'CTNS', '0.000', '115.00']
['', '', '', '', '', '', '', '', '', '', '', '10.00', '12.1']
['240', 'NO190C', 'N-SHIM SHIN NOODLE', '', '*BOWL*', '10', 'CTNS', '8.25', 'per', 'CTNS', '0.000', '82.50']
['', '', '', '', '', '', '', '', '', '', '', '7.50', '9.8']
['220', 'PW237', 'KNORR CHICKEN BOUILLO MIX', '', '', '1', 'CTNS', '76.50', 'per', 'CTNS', '0.000', '76.50']
['', '', '', '', '', '', '', '', '', '', '', '3.50', '9.6']
['200', 'NO481A', 'VIFON phu gia MIEN GA/Y', '', '', '1', 'CTNS', '36.50', 'per CTNS', '', '0.000', '36.50']
['Invoice', '#:', '769305', 'Invoice date:', '09/24/18', 'Customer: S012', 'SAIGON SUPER MARKET', 'Sales rep:', '5']
['230', 'NO190B', 'N-SHIM SHIN NOODLE', '', '*CUP*', '10', 'CTNS', '4.90', 'per', 'CTNS', '0.000', '49.00']
['', '', '2.64 OZ X', '6 CUP', '', '4.35', 'CTNS', '', '', '', '0.000', '43.50']
['', '', '', '', '', '', '', '', '', '', '', '5.50', '11.2']
['240', 'NO190C', 'N-SHIM SHIN NOODLE', '', '*BOWL*', '10', 'CTNS', '8.25', 'per', 'CTNS', '0.000', '82.50']
['', '', '3 OZ X', '12', '', '7.25', 'CTNS', '', '', '', '0.000', '72.50']
['', '', '', '', '', '', '', '', '', '', '', '10.00', '12.1']
['250', 'NO194', 'N-SHIM HOT & SPICY BOWL', '', '', '10', 'CTNS', '8.25', 'per', 'CTNS', '0.000', '82.50']
['', '', '3oz X', '12 BWL', '', '7.25', 'CTNS', '', '', '', '0.000', '72.50']
['', '', '', '', '', '', '', '', '', '', '', '10.00', '12.1']
['260', 'NO199', 'N-SHIM UDON BOWL NOODLE', '', '', '10', 'CTNS', '11.50', 'per', 'CTNS', '0.000', '115.00']
['', '', '5 BOWL UDON', '', '', '9.75', 'CTNS', '', '', '', '0.000', '97.50']
['', '', '', '', '', '', '', '', '', '', '', '17.50', '15.2']
['270', 'NO396', 'INDO MI GORENG NOODLE', '', '', '3', 'CTNS', '8.90', 'per', 'CTNS', '0.000', '26.70']
['', '', '2.8 OZ X', '30 BAGS', '', '7.85', 'CTNS', '', '', '', '0.000', '23.55']
['', '', '', '', '', '', '', '', '', '', '', '3.15', '11.8']
['280', 'NO145', 'MEI FF TOM YUM NOODLE', '', '', '1', 'CTNS', '28.00', 'per', 'CTNS', '0.000', '28.00']
['', '', '65 G X', '36 BOWL', '[J13]', '25.50', 'CTNS', '', '', '', '0.000', '25.50']
['', '', '', '', '', '', '', '', '', '', '', '2.50', '8.9']
['290', 'NO331', 'MAMA TOMYUM NOODLE (BAG)', '', '', '3', 'CTNS', '45.00', 'per', 'CTNS', '0.000', '135.00']
['', '', '2.1 OZ X', '(6 X', '30)', '40.00', 'CTNS', '', '', '', '0.000', '120.00']
['', '', '', '', '', '', '', '', '', '', '', '15.00', '11.1']
['', '', '', '', '', '', '', '', '', '', '', '', '', '', '21.50', '26.9']
['420', 'PW621A', '', 'THUAN P SUONG SAO', '', '', '*BLACK*', '', '1', 'CTNS', '80.00', 'per', 'CTNS', '0.000', '80.00']
['', '', '', '', '', '', '', '', '', '', '', '', '', '', '4.00', '10.8']
['390', 'HM110A', '', 'FLOWER LIVER PATE', '', '', '*4.7 OZ', '', '1', 'CTNS', '37.00', 'per', 'CTNS', '0.000', '37.00']
['', '', '', '', '', '', '', '', '', '', '', '', '', '', '12.00', '9.0']
['370', 'HM100A', '', 'FORTUNE LUNCHEON MEAT', '', '', '', '', '2', 'CTNS', '67.00', 'per', 'CTNS', '0.000', '134.00']
['', '', '', '', '', '', '', '', '', '', '', '', '', '', '9.00', '34.6']
['340', 'CV131', '', 'LAL PKL LOTUS ROOTLET (L)', '', '', '', '', '1', 'CTNS', '26.00', 'per', 'CTNS', '0.000', '26.00']
['', '', '', '', '', '', '', '', '', '', '', '', '', '', '1.20', '10.4']
['320', 'CF292', '', 'CHIN-C YELLOW AI-YU JELLY', '', '', '', '', '1', 'CTNS', '11.50', 'per CTNS', '', '0.000', '11.50']
['Invoice', '#:', '769305', 'Invoice date:', '', '09/24/18', '', 'Customer: S012', '', '', 'SAIGON SUPER MARKET', '', 'Sales rep:', '5']
['350', 'BS123', '', 'AROY-D BBS SLICE', '', '', '19oz', '', '1', 'CTNS', '23.00', 'per', 'CTNS', '0.000', '23.00']
['', '', '', '19 OZ X', '24 CAN', '', '', '', '15.00', 'CTNS', '', '', '', '0.000', '15.00']
['', '', '', '', '', '', '', '', '', '', '', '', '', '', '8.00', '34.8']
['370', 'HM100A', '', 'FORTUNE LUNCHEON MEAT', '', '', '', '', '2', 'CTNS', '67.00', 'per', 'CTNS', '0.000', '134.00']
['', '', '', '12 OZ X', '24 CAN', '', '* RED', '*', '61.00', 'CTNS', '', '', '', '0.000', '122.00']
['', '', '', '', '', '', '', '', '', '', '', '', '', '', '12.00', '9.0']
['380', 'HM101', '', 'FORTUNE LUNCHEON MEAT USA', '', '', '', '', '1', 'CTNS', '22.00', 'per', 'CTNS', '0.000', '22.00']
['', '', '', '12 OZ X', '12 CANS', '', '*BLUE*', '', '19.75', 'CTNS', '', '', '', '0.000', '19.75']
['', '', '', '', '', '', '', '', '', '', '', '', '', '', '2.25', '10.2']
['390', 'HM110A', '', 'FLOWER LIVER PATE', '', '', '*4.7 OZ', '', '1', 'CTNS', '37.00', 'per', 'CTNS', '0.000', '37.00']
['', '', '', '4.76 OZ X', '24 CANS', '', '[C29]', '', '33.00', 'CTNS', '', '', '', '0.000', '33.00']
['', '', '', '', '', '', '', '', '', '', '', '', '', '', '4.00', '10.8']
['410', 'PW150', '', 'BAO LONG PHO FLAVOR', '', '', '*', '', '1', 'CTNS', '37.00', 'per', 'CTNS', '0.000', '37.00']
['', '', '', '144 BOX', '', '', '*6/7/2020', '', '26.09', 'CTNS', '', '', '', '0.000', '26.09']
['', '', '', '', '', '', '', '', '', '', '', '', '', '', '10.91', '29.5']
['420', 'PW621A', '', 'THUAN P SUONG SAO', '', '', '*BLACK*', '', '1', 'CTNS', '80.00', 'per', 'CTNS', '0.000', '80.00']
['', '', '', '50 G X', '100 BG GRASS JELLY', '', '', '', '58.50', 'CTNS', '', '', '', '0.000', '58.50']
['', '', '', '', '', '', '', '', '', '', '', '', '', '', '21.50', '26.9']
['450', 'VI101', '', 'GOLDEN MOUNTAIN VINEGAR L', '', '', '', '', '1', 'CTNS', '12.50', 'per', 'CTNS', '0.000', '12.50']
['', '', '', '980 ML X', '12 BT', '', '', '', '10.00', 'CTNS', '', '', '', '0.000', '10.00']
['', '', '', '', '', '', '', '', '', '', '', '', '', '', '2.50', '20.0']
['', '', '', '', '', '', '', '', '', '', '', '', '', '', '13.00', '14.8']
['590', 'PA190', '', 'MAE PLOY PANANG CURRY', '', '', '', '2lb', '2', 'CTNS', '44.00', 'per', 'CTNS', '0.000', '88.00']
['', '', '', '', '', '', '', '', '', '', '', '', '', '', '6.50', '11.2']
['570', 'SA106', '', 'LKK HOISIN SAUCE', '', '', '*36 OZ*', '', '2', 'CTNS', '29.00', 'per', 'CTNS', '0.000', '58.00']
['', '', '', '', '', '', '', '', '', '', '', '', '', '', '2.00', '9.8']
['550', 'SS183A', '', 'KKM LITE SOYSAUCE', '', '', '5z TBL', '', '1', 'CTNS', '20.50', 'per', 'CTNS', '0.000', '20.50']
['', '', '', '', '', '', '', '', '', '', '', '', '', '', '4.00', '11.1']
['510', 'FP149A', '', 'ANH HONG MAM NEM PHA SAN', '', '', '', '', '1', 'CTNS', '36.00', 'per', 'CTNS', '0.000', '36.00']
['', '', '', '', '', '', '', '', '', '', '', '', '', '', '40.60', '22.6']
['490', 'FS100', '', 'PANTAI SHRIMP BRAND FISH', '', '', '', '', '10', 'CTNS', '18.00', 'per CTNS', '', '0.000', '180.00']
['Invoice', '#:', '769305', 'Invoice date:', '', '09/24/18', '', 'Customer: S012', '', '', 'SAIGON SUPER MARKET', '', 'Sales rep:', '5']
['530', 'SS161', '', 'ABC .MEDIUM SWEET SOY SCE', '', '', '', '', '1', 'CTNS', '35.00', 'per', 'CTNS', '0.000', '35.00']
['', '', '', '21 OZ. X', '12 BOTTLES', '', '', '', '31.50', 'CTNS', '', '', '', '0.000', '31.50']
['', '', '', '', '', '', '', '', '', '', '', '', '', '', '3.50', '10.0']
['550', 'SS183A', '', 'KKM LITE SOYSAUCE', '', '', '5z TBL', '', '1', 'CTNS', '20.50', 'per', 'CTNS', '0.000', '20.50']
['', '', '', '5 OZ X', '12 TABLE DISPENSER', '', '', '', '18.50', 'CTNS', '', '', '', '0.000', '18.50']
['', '', '', '', '', '', '', '', '', '', '', '', '', '', '2.00', '9.8']
['560', 'SA101', '', 'LKK OYSTER SAUCE', '', '', '32 OZ', '', '2', 'CTNS', '35.00', 'per', 'CTNS', '0.000', '70.00']
['', '', '', '32 OZ X', '12 BT', '*300031', '', '', '29.50', 'CTNS', '', '', '', '0.000', '59.00']
['', '', '', '', '', '', '', '', '', '', '', '', '', '', '11.00', '15.7']
['570', 'SA106', '', 'LKK HOISIN SAUCE', '', '', '*36 OZ*', '', '2', 'CTNS', '29.00', 'per', 'CTNS', '0.000', '58.00']
['', '', '', '36 OZ X', '12 BT', '', '[H38]', '', '25.75', 'CTNS', '', '', '', '0.000', '51.50']
['', '', '', '', '', '', '', '', '', '', '', '', '', '', '6.50', '11.2']
['580', 'PA186', '', 'MAE PLOY RED CURRY', '', '', '2lbs', '', '3', 'CTNS', '44.00', 'per', 'CTNS', '0.000', '132.00']
['', '', '', '2 LBS X', '12', 'PASTE', '[H1]', '', '37.00', 'CTNS', '', '', '', '0.000', '111.00']
['', '', '', '', '', '', '', '', '', '', '', '', '', '', '21.00', '15.9']
['590', 'PA190', '', 'MAE PLOY PANANG CURRY', '', '', '', '2lb', '2', 'CTNS', '44.00', 'per', 'CTNS', '0.000', '88.00']
['', '', '', '2 LBS X', '12 PASTE', '', '[H3]', '', '37.50', 'CTNS', '', '', '', '0.000', '75.00']
['', '', '', '', '', '', '', '', '', '', '', '', '', '', '13.00', '14.8']
['600', 'PA189', '', 'MAE PLOY MASMAN CURRY', '', '', '', '2lb', '1', 'CTNS', '44.00', 'per', 'CTNS', '0.000', '44.00']
['', '', '', '2 LBS X', '12', 'PASTE', '', '', '37.00', 'CTNS', '', '', '', '0.000', '37.00']
['', '', '', '', '', '', '', '', '', '', '', '', '', '', '7.00', '15.9']
['', '', '', '', '', '', '', '', '', '', '', '', '', '', '3.50', '10.4']
['750', 'DD124', '', 'KTT BOT BANH XEO', '', '', '* A-11', '', '1', 'CTNS', '33.50', 'per', 'CTNS', '0.000', '33.50']
['', '', '', '', '', '', '', '', '', '', '', '', '', '', '3.17', '14.4']
['720', 'PW211', '', 'S & B WASABI IN TUBE', '', '', '*L*', '', '1', 'PACK', '22.00', 'per', 'PACK', '0.000', '22.00']
['', '', '', '', '', '', '', '', '', '', '', '', '', '', '2.60', '9.0']
['680', 'PW504', '', 'GC AGAR AGAR POWDER', '', '', '', '', '1', 'CTNS', '29.00', 'per', 'CTNS', '0.000', '29.00']
['', '', '', '', '', '', '', '', '', '', '', '', '', '', '4.00', '10.0']
['660', 'CH120', '', 'CALBEE SHRIMP CHIPS', '', '', '8 OZ', '', '2', 'CTNS', '20.00', 'per', 'CTNS', '0.000', '40.00']
['', '', '', '', '', '', '', '', '', '', '', '', '', '', '8.47', '21.2']
['640', 'SU130', '', 'SMALL LUMP CANDY', '', '', '*WHITE*', '', '1', 'EACH', '40.00', 'per CTNS', '', '0.000', '40.00']
['Invoice', '#:', '769305', 'Invoice date:', '', '09/24/18', '', 'Customer: S012', '', '', 'SAIGON SUPER MARKET', '', 'Sales rep:', '5']
['670', 'PW621', '', 'THUAN P SUONG SAO HAT E', '', '', '', '', '1', 'CTNS', '55.00', 'per', 'CTNS', '0.000', '55.00']
['', '', '', '60 G X 50 BG', '', '', 'E-GRAINS', '', '37.16', 'CTNS', '', '', '', '0.000', '37.16']
['', '', '', '', '', '', '', '', '', '', '', '', '', '', '17.84', '32.4']
['680', 'PW504', '', 'GC AGAR AGAR POWDER', '', '', '', '', '1', 'CTNS', '29.00', 'per', 'CTNS', '0.000', '29.00']
['', '', '', '6 OZ X 24 BOX', '', '', '', '', '26.40', 'CTNS', '', '', '', '0.000', '26.40']
['', '', '', '', '', '', '', '', '', '', '', '', '', '', '2.60', '9.0']
['690', 'TA126', '', 'WUFU TAPIOCA PEARL', '', '', '*BLACK', '', '10', 'CTNS', '52.00', 'per', 'CTNS', '0.000', '520.00']
['', '', '', '6.6 LBS X', '6 BG', '', '*2607529*', '', '45.00', 'CTNS', '', '', '', '0.000', '450.00']
['', '', '', '', '', '', '', '', '', '', '', '', '', '', '70.00', '13.5']
['720', 'PW211', '', 'S & B WASABI IN TUBE', '', '', '*L*', '', '1', 'PACK', '22.00', 'per', 'PACK', '0.000', '22.00']
['', '', '', '3.17 OZ', '/10 PC', '', '5/OCT/2019', '', '18.83', 'PACK', '', '', '', '0.000', '18.83']
['', '', '', '', '', '', '', '', '', '', '', '', '', '', '3.17', '14.4']
['740', 'CC171', '', 'KEWPIE MAYONNAISE IN TUBE', '', '', '', '', '1', 'CTNS', '82.00', 'per', 'CTNS', '0.000', '82.00']
['', '', '', '17.6 OZ X', '20', '', '', '', '75.00', 'CTNS', '', '', '', '0.000', '75.00']
['', '', '', '', '', '', '', '', '', '', '', '', '', '', '7.00', '8.5']
['750', 'DD124', '', 'KTT BOT BANH XEO', '', '', '* A-11', '', '1', 'CTNS', '33.50', 'per', 'CTNS', '0.000', '33.50']
['', '', '', '12OZ/50 (PREPARED FLOUR)', '', '', '', '', '30.00', 'CTNS', '', '', '', '0.000', '30.00']
['', '', '', '', '', '', '', '', '', '', '', '', '', '', '3.50', '10.4']
['760', 'DD122', '', 'KTT BOT BANH BAO', '', '', '* A-01', '', '1', 'CTNS', '35.00', 'per', 'CTNS', '0.000', '35.00']
['', '', '', '16 OZ X', '50 (STEAMED BUN FL', '', '', '', '31.00', 'CTNS', '', '', '', '0.000', '31.00']
['', '', '', '', '', '', '', '', '', '', '', '', '', '', '4.00', '11.4']
['', '', '', '', '', '', '', '', '', '', '', '', '', '', '9.00', '9.3']
['880', 'CD142', '', 'CHIN-C GRASS JELLY BANANA', '', '', '', '', '9', 'CTNS', '10.70', 'per', 'CTNS', '0.000', '96.30']
['', '', '', '', '', '', '', '', '', '', '', '', '', '', '5.20', '10.0']
['860', 'CO158', '', 'HELLO PANDA STRAWBERRY', '', '', '', '', '1', 'CTNS', '52.00', 'per', 'CTNS', '0.000', '52.00']
['', '', '', '', '', '', '', '', '', '', '', '', '', '', '12.00', '9.7']
['840', 'FO100', '', 'COCK FRIED ONION', '', '', '8 OZ', '', '2', 'CTNS', '62.00', 'per', 'CTNS', '0.000', '124.00']
['', '', '', '', '', '', '', '', '', '', '', '', '', '', '8.75', '12.5']
['820', 'FL171', '', 'ERAWAN RICE FLOUR', '', '', '', '', '5', 'CTNS', '14.00', 'per', 'CTNS', '0.000', '70.00']
['', '', '', '', '', '', '', '', '', '', '', '', '', '', '30.00', '33.3']
['790', 'DD150', '', 'VT BOT BANH BEO', '', '', '', '', '5', 'CTNS', '18.00', 'per CTNS', '', '0.000', '90.00']
['Invoice', '#:', '769305', 'Invoice date:', '', '09/24/18', '', 'Customer: S012', '', '', 'SAIGON SUPER MARKET', '', 'Sales rep:', '5']
['830', 'BN120', '', 'WOR FUNG WHITE BEAN', '', '', '', '', '1', 'CTNS', '43.00', 'per', 'CTNS', '0.000', '43.00']
['', '', '', '12 OZ X', '50 black eye bean', '', '', '', '54.00', 'CTNS', '', '', '', '0.000', '54.00']
['', '', '', '', '', '', '', '', '', '', '', '', '', '', '11.00-', '25.6-']
['840', 'FO100', '', 'COCK FRIED ONION', '', '', '8 OZ', '', '2', 'CTNS', '62.00', 'per', 'CTNS', '0.000', '124.00']
['', '', '', '8 OZ X', '12 BOTTLE', '', '', '', '56.00', 'CTNS', '', '', '', '0.000', '112.00']
['', '', '', '', '', '', '', '', '', '', '', '', '', '', '12.00', '9.7']
['850', 'CO151A', '', 'MEIJI YAN YAN VANILLA', '', '', '', '', '1', 'CTNS', '52.00', 'per', 'CTNS', '0.000', '52.00']
['', '', '', '2 OZ X', '80 CUPS', '', 'COOKIES', '', '46.50', 'CTNS', '', '', '', '0.000', '46.50']
['', '', '', '', '', '', '', '', '', '', '', '', '', '', '5.50', '10.6']
['860', 'CO158', '', 'HELLO PANDA STRAWBERRY', '', '', '', '', '1', 'CTNS', '52.00', 'per', 'CTNS', '0.000', '52.00']
['', '', '', '2 OZ/80 BX', '', 'COOKIES', '[H5b]', '', '46.80', 'CTNS', '', '', '', '0.000', '46.80']
['', '', '', '', '', '', '', '', '', '', '', '', '', '', '5.20', '10.0']
['870', 'CO358', '', 'LOTTE CHOCO PIE L', '', '', '(12 PC)', '', '1', 'CTNS', '13.50', 'per', 'CTNS', '0.000', '13.50']
['', '', '', '28 GM X', '12 PCS X', '', '8 BOX', '', '12.00', 'CTNS', '', '', '', '0.000', '12.00']
['', '', '', '', '', '', '', '', '', '', '', '', '', '', '1.50', '11.1']
['880', 'CD142', '', 'CHIN-C GRASS JELLY BANANA', '', '', '', '', '9', 'CTNS', '10.70', 'per', 'CTNS', '0.000', '96.30']
['', '', '', '10.7 OZ X', '24 CAN', '', 'CRV001', '', '9.70', 'CTNS', '', '', '', '0.000', '87.30']
['', '', '', '', '', '', '', '', '', '', '', '', '', '', '9.00', '9.3']
['890', 'FD355', '', "YEO'S SOYBEAN DRINK v.n.", '', '', '', '', '10', 'CTNS', '11.50', 'per', 'CTNS', '0.000', '115.00']
['', '', '', '300ML/24 V.N STYLE', '', '', '10+1', '', '9.18', 'CTNS', '', '', '', '0.000', '91.80']
['', '', '', '', '', '', '', '', '', '', '', '', '', '', '23.20', '20.2']
['', '', '', '', '', '', '', '', '', '', '', '', '14.60', '30.4']
['20', 'FR310D', 'FR. LEMON GRASS', '', '', '*32 OZ*', '1', 'CTNS', '48.00', 'per', 'CTNS', '0.000', '48.00']
['', '', '', '', '', '', '', '', '', '', '', '', '20.08', '34.6']
['990', 'FP206', 'NP MAM TOM BAC', '*', '', '', '1', 'EACH', '58.00', 'per', 'CTNS', '0.000', '58.00']
['', '', '', '', '', '', '', '', '', '', '', '', '20.48', '41.0']
['970', 'FP202', 'NP MAM CA COM AN LIEN', '', '', '', '1', 'CTNS', '50.00', 'per', 'CTNS', '0.000', '50.00']
['', '', '', '', '', '', '', '', '', '', '', '', '95.00', '100.0']
['950', 'JO110', 'NHANG TU QUY', "6'8 bao", '', '', '1', 'CTNS', '95.00', 'per', 'CTNS', '0.000', '95.00']
['', '', '', '', '', '', '', '', '', '', '', '', '14.00', '9.3']
['930', 'TE280', 'PANTAI THAI TEA MIX', '', '', '', '2', 'CTNS', '75.00', 'per CTNS', '', '0.000', '150.00']
['Invoice', '#:', '769305', 'Invoice date:', '09/24/18', 'Customer: S012', 'SAIGON SUPER MARKET', 'Sales rep:', '5']
['960', 'JO206', 'DOLLARS/U.S JOSS PAPER', '', '', '', '1', 'CTNS', '120.00', 'per', 'CTNS', '0.000', '120.00']
['', '', '100 PACK', '*VN* J', '230A', '', '46.34', 'CTNS', '', '', '', '0.000', '46.34']
['', '', '', '', '', '', '', '', '', '', '', '', '73.66', '61.4']
['970', 'FP202', 'NP MAM CA COM AN LIEN', '', '', '', '1', 'CTNS', '50.00', 'per', 'CTNS', '0.000', '50.00']
['', '', '8.4 OZ X', '24', '*NP008*', '', '29.52', 'CTNS', '', '', '', '0.000', '29.52']
['', '', '', '', '', '', '', '', '', '', '', '', '20.48', '41.0']
['980', 'FP206A', 'NP MAM RUOC HUE', '', '*NP012*', '', '1', 'CTNS', '60.00', 'per', 'CTNS', '0.000', '60.00']
['', '', '400GR', '(14 OZ) X', '24', '', '39.36', 'CTNS', '', '', '', '0.000', '39.36']
['', '', '', '', '', '', '', '', '', '', '', '', '20.64', '34.4']
['990', 'FP206', 'NP MAM TOM BAC', '*', '', '', '1', 'EACH', '58.00', 'per', 'CTNS', '0.000', '58.00']
['', '', '14 OZ', '(400 GR) X', '24', '', '37.92', 'EACH', '', '', '', '0.000', '37.92']
['', '', '', '', '', '', '', '', '', '', '', '', '20.08', '34.6']
['10', 'FR110C', 'FR. CHILI OT TUOI X-SPICY', '', '', '', '1', 'CTNS', '39.00', 'per', 'CTNS', '0.000', '39.00']
['', '', '8 OZ X', '40', '*VN*', '*LAL FARM*', '29.20', 'CTNS', '', '', '', '0.000', '29.20']
['', '', '', '', '', '', '', '', '', '', '', '', '9.80', '25.1']
['20', 'FR310D', 'FR. LEMON GRASS', '', '', '*32 OZ*', '1', 'CTNS', '48.00', 'per', 'CTNS', '0.000', '48.00']
['', '', '32 OZ X', '', '20B (XA BAM)*LAL*', '', '33.40', 'CTNS', '', '', '', '0.000', '33.40']
['', '', '', '', '', '', '', '', '', '', '', '', '14.60', '30.4']
['40', 'GR309', 'Q-HUONG PORK ROLL SAUSAGE', '', '', '', '1', 'CTNS', '62.00', 'per', 'CTNS', '0.000', '62.00']
['', '', '12z X', '20 (thit doi)', '', '#418', '56.00', 'CTNS', '', '', '', '0.000', '56.00']
['', '', '', '', '', '', '', '', '', '', '', '', '6.00', '9.7']
['', '', '', '', '', '', '', '', '', '', '', '', '7.00', '15.2']
['160', 'FR363', 'FR. PERIWINKLE', '', '', '*THIT OC', '1', 'CTNS', '46.00', 'per', 'CTNS', '0.000', '46.00']
['', '', '', '', '', '', '', '', '', '', '', '', '3.90', '9.2']
['140', 'NO234', 'RAMA RICE STICK', '', '', '16 OZ', '1', 'CTNS', '42.40', 'per', 'CTNS', '0.000', '42.40']
['', '', '', '', '', '', '', '', '', '', '', '', '11.00', '26.8']
['100', 'FR340', 'TYJ PASTRY WRAPPER', '', '', '5"', '1', 'CTNS', '41.00', 'per', 'CTNS', '0.000', '41.00']
['', '', '', '', '', '', '', '', '', '', '', '', '8.00', '9.4']
['80', 'FR287AA', 'PHU H BEEF BALL W/TENDON', '', '', '', '1', 'CTNS', '85.50', 'per', 'CTNS', '0.000', '85.50']
['', '', '', '', '', '', '', '', '', '', '', '', '3.00', '9.1']
['60', 'GR306', 'Q-HUONG PORK SKIN', '', '*7OZ*', '', '1', 'CTNS', '33.00', 'per CTNS', '', '0.000', '33.00']
['Invoice', '#:', '769305', 'Invoice date:', '09/24/18', 'Customer: S012', 'SAIGON SUPER MARKET', 'Sales rep:', '5']
['90', 'GR307A', 'Q-HUONG', '', '#1 BEEF TENDON', '', '1', 'CTNS', '60.00', 'per', 'CTNS', '0.000', '60.00']
['', '', '11 OZ X', '20 BAGS', '#422', '', '54.00', 'CTNS', '', '', '', '0.000', '54.00']
['', '', '', '', '', '', '', '', '', '', '', '', '6.00', '10.0']
['100', 'FR340', 'TYJ PASTRY WRAPPER', '', '', '5"', '1', 'CTNS', '41.00', 'per', 'CTNS', '0.000', '41.00']
['', '', '8 OZ X', '40', '(50 pc) orange', '', '30.00', 'CTNS', '', '', '', '0.000', '30.00']
['', '', '', '', '', '', '', '', '', '', '', '', '11.00', '26.8']
['120', 'GR502', 'MVN JUMBO PORK', '', '', '+ VEGE BUN', '5', 'CTNS', '24.00', 'per', 'CTNS', '0.000', '120.00']
['', '', '5 OZ X', '30 EACH', '', '', '21.00', 'CTNS', '', '', '', '0.000', '105.00']
['', '', '', '', '', '', '', '', '', '', '', '', '15.00', '12.5']
['140', 'NO234', 'RAMA RICE STICK', '', '', '16 OZ', '1', 'CTNS', '42.40', 'per', 'CTNS', '0.000', '42.40']
['', '', '16 OZ X', '50 BAGS', '', '', '38.50', 'CTNS', '', '', '', '0.000', '38.50']
['', '', '', '', '', '', '', '', '', '', '', '', '3.90', '9.2']
['150', 'FR182', 'OF THIT HEN VIETNAM', '', '', '', '2', 'CTNS', '58.00', 'per', 'CTNS', '0.000', '116.00']
['', '', '14 OZ X', '', '30 BABY CLAM MEAT', '', '33.60', 'CTNS', '', '', '', '0.000', '67.20']
['', '', '', '', '', '', '', '', '', '', '', '', '48.80', '42.1']
['160', 'FR363', 'FR. PERIWINKLE', '', '', '*THIT OC', '1', 'CTNS', '46.00', 'per', 'CTNS', '0.000', '46.00']
['', '', '14z/30 A0031', '', '', '60/80 HUONG*', '39.00', 'CTNS', '', '', '', '0.000', '39.00']
['', '', '', '', '', '', '', '', '', '', '', '', '7.00', '15.2']
['170', 'FR123', 'OF BONITA', '', '*CA NGU*', '', '3', 'EACH', '54.45', 'per', 'CTNS', '0.000', '163.35']
['', '', '33 LBS VN', '', '2/4lb', '$1.65/lb', '35.97', 'EACH', '', '', '', '0.000', '107.91']
['', '', '', '', '', '', '', '', '', '', '', '', '55.44', '33.9']
['', '', '', '', '', '', '', '', '', '', '', '', '49.53', '30.0']
['280', 'FR111', 'FR. BELTFISH WR', '', '', '1500/2000', '3', 'CTNS', '55.10', 'per', 'CTNS', '0.000', '165.30']
['', '', '', '', '', '', '', '', '', '', '', '', '58.00', '14.5']
['260', 'FR400', 'FR. QUAIL-JUMBO', '', '6PK', '*10+1', '10', 'CTNS', '40.00', 'per', 'CTNS', '0.000', '400.00']
['', '', '', '', '', '', '', '', '', '', '', '', '16.38', '22.8']
['240', 'FR186', 'OF CA NGAN W/R', '', '2/4', '', '1', 'CTNS', '72.00', 'per', 'CTNS', '0.000', '72.00']
['', '', '', '', '', '', '', '', '', '', '', '', '36.00', '25.0']
['220', 'FR036', 'FISHMONGER SWAI STEAKS', '', '', '', '2', 'CTNS', '72.00', 'per', 'CTNS', '0.000', '144.00']
['', '', '', '', '', '', '', '', '', '', '', '', '60.80', '35.8']
['190', 'FR126A', 'OF YELLOW EEL STEAK', '', '', '', '1', 'CTNS', '170.00', 'per CTNS', '', '0.000', '170.00']
['Invoice', '#:', '769305', 'Invoice date:', '09/24/18', 'Customer: S012', 'SAIGON SUPER MARKET', 'Sales rep:', '5']
['230', 'FR116H', 'FR. CA BAC MA', '', '400/600 XXL', '', '3', 'CTNS', '48.40', 'per', 'CTNS', '0.000', '145.20']
['', '', '22LBS malaysia W/R IQF', '', '', '', '30.80', 'CTNS', '', '', '', '0.000', '92.40']
['', '', '', '', '', '', '', '', '', '', '', '', '52.80', '36.4']
['240', 'FR186', 'OF CA NGAN W/R', '', '2/4', '', '1', 'CTNS', '72.00', 'per', 'CTNS', '0.000', '72.00']
['', '', '33LBS', '', '', '', '55.62', 'CTNS', '', '', '', '0.000', '55.62']
['', '', '', '', '', '', '', '', '', '', '', '', '16.38', '22.8']
['250', 'FR360A', 'OF FEATHERBACK', '', '800up', '', '2', 'CTNS', '85.00', 'per', 'CTNS', '0.000', '170.00']
['', '', '33LB CA THAT lat fish', '', '', '', '46.20', 'CTNS', '', '', '', '0.000', '92.40']
['', '', '', '', '', '', '', '', '', '', '', '', '77.60', '45.6']
['260', 'FR400', 'FR. QUAIL-JUMBO', '', '6PK', '*10+1', '10', 'CTNS', '40.00', 'per', 'CTNS', '0.000', '400.00']
['', '', '6 PK X', '6 TRAY', '#603', 'promo', '34.20', 'CTNS', '', '', '', '0.000', '342.00']
['', '', '', '', '', '', '', '', '', '', '', '', '58.00', '14.5']
['270', 'FR400', 'FR. QUAIL-JUMBO', '', '6PK', '*10+1', '1', 'CTNS', '0.00', 'per', 'CTNS', '0.000', '0.00']
['', '', '6 PK X', '6 TRAY', '#603', 'promo', '34.20', 'CTNS', '', '', '', '0.000', '34.20']
['', '', '', '', '', '', '', '', '', '', '', '', '34.20-', '0.0']
['280', 'FR111', 'FR. BELTFISH WR', '', '', '1500/2000', '3', 'CTNS', '55.10', 'per', 'CTNS', '0.000', '165.30']
['', '', '22.04 LB', '*CA HO*', '', '$2.50/lb', '38.59', 'CTNS', '', '', '', '0.000', '115.77']
['', '', '', '', '', '', '', '', '', '', '', '', '49.53', '30.0']
['290', 'FR115B', 'OF TRE VANG WHOLE', '', '', '800 UP', '1', 'CTNS', '56.10', 'per', 'CTNS', '0.000', '56.10']
['', '', '33 LB BROADHEAD', '', '', '$1.70', '38.94', 'CTNS', '', '', '', '0.000', '38.94']
['', '', '', '', '', '', '', '', '', '', '', '', '17.16', '30.6']
['', '', '', '', '', '', '', '', '', '', '', '', '', '24.00', '100.0']
['420', 'NO114A', 'SA GIANG BUN GAO SA DEC', '', '', '', '', '1', 'CTNS', '24.00', 'per', 'CTNS', '0.000', '24.00']
['', '', '', '', '', '', '', '', '', '', '', '', '', '7.50', '10.4']
['400', 'UT230', 'GAS BURNER', '', '', '', '', '1', 'CTNS', '72.00', 'per', 'CTNS', '0.000', '72.00']
['', '', '', '', '', '', '', '', '', '', '', '', '', '30.00', '8.1']
['380', 'FS132', 'PHU QUOC FISH SAUCE*(A)*', '', '', '', '', '10', 'CTNS', '37.00', 'per', 'CTNS', '0.000', '370.00']
['', '', '', '', '', '', '', '', '', '', '', '', '', '28.50', '19.0']
['330', 'FR127A', 'FR. FROG LEGS', '', '', '2/4', '(5LB)', '1', 'CTNS', '150.00', 'per', 'CTNS', '0.000', '150.00']
['', '', '', '', '', '', '', '', '', '', '', '', '', '199.80', '41.1']
['310', 'FR234', 'OF LIZARD FISH CLEAN IQF', '', '', '', '', '9', 'CTNS', '54.00', 'per CTNS', '', '0.000', '486.00']
['Invoice', '#:', '769305', 'Invoice date:', '09/24/18', 'Customer: S012', 'SAIGON SUPER MARKET', 'Sales rep:', '5']
['370', 'UT002', 'JUMBO STRAW', '', '', '8" STRIP ong', '', '1', 'CTNS', '50.00', 'per', 'CTNS', '0.000', '50.00']
['', '', '40 PCS/100 BAGS', '', '', '', 'hut', '45.00', 'CTNS', '', '', '', '0.000', '45.00']
['', '', '', '', '', '', '', '', '', '', '', '', '', '5.00', '10.0']
['380', 'FS132', 'PHU QUOC FISH SAUCE*(A)*', '', '', '', '', '10', 'CTNS', '37.00', 'per', 'CTNS', '0.000', '370.00']
['', '', '24 Z/12 BT flying lion F3', '', '', '', '', '34.00', 'CTNS', '', '', '', '0.000', '340.00']
['', '', '', '', '', '', '', '', '', '', '', '', '', '30.00', '8.1']
['390', 'FS105', 'AU LAC NUOC MAM CHAY', '', '', '', '', '1', 'CTNS', '24.00', 'per', 'CTNS', '0.000', '24.00']
['', '', '500 ML X', '', '12 BT', '', '', '12.83', 'CTNS', '', '', '', '0.000', '12.83']
['', '', '', '', '', '', '', '', '', '', '', '', '', '11.17', '46.5']
['400', 'UT230', 'GAS BURNER', '', '', '', '', '1', 'CTNS', '72.00', 'per', 'CTNS', '0.000', '72.00']
['', '', 'CASE', '/', '6 PCS X', '', '$12.00', '64.50', 'CTNS', '', '', '', '0.000', '64.50']
['', '', '', '', '', '', '', '', '', '', '', '', '', '7.50', '10.4']
['410', 'NO114', 'SA GIANG BROWN RICE VERMI', '', '', '', '', '1', 'CTNS', '24.00', 'per', 'CTNS', '0.000', '24.00']
['', '', '7 OZ X', '', '30 BUN GAO LUC', '', '', '0.00', 'CTNS', '', '', '', '0.000', '0.00']
['', '', '', '', '', '', '', '', '', '', '', '', '', '24.00', '100.0']
['420', 'NO114A', 'SA GIANG BUN GAO SA DEC', '', '', '', '', '1', 'CTNS', '24.00', 'per', 'CTNS', '0.000', '24.00']
['', '', '7 OZ X', '', '30 BAG', '', '', '0.00', 'CTNS', '', '', '', '0.000', '0.00']
['', '', '', '', '', '', '', '', '', '', '', '', '', '24.00', '100.0']
['430', 'COF109AA', 'TRUNG NGUYEN COFEE', '', '', '', '*100ST', '46', 'CTNS', '45.46', 'per', 'CTNS', '0.000', '2091.16']
['', '', '100ST X', '', '5', '*TH THIET* NETP', '', '33.50', 'CTNS', '', '', '', '0.000', '1541.00']
['', '', '', '', '', '', '', '', '', '', '', '', '', '550.16', '26.3']
['Invoice', '#:', '769305', 'Invoice date:', '09/24/18', 'Customer: S012', 'SAIGON SUPER MARKET', 'Sales rep:', '5']
['', '', '', '', '', '', 'Gross-margin', 'Margin-%']
['440', 'UT818', 'PALLET', '4', 'CTNS', '7.00', 'per CTNS', '0.000', '28.00']
['', '', 'EACH', '5.75', 'CTNS', '', '', '0.000', '23.00']
['', '', '', '', '', '', '', '', '5.00', '17.9']
['', '', '', '', '', '', 'Invoice totals:', '', '12147.51']
['', '', '', '', '', '', '', '', '9603.77']
['', '', '', '', '', '', '', '', '2543.74', '20.9']
['', '', '', '', '', '', '', '', '', '', '', '', '30.40', '33.0']
['110', 'BR102', 'LAL BEEF BROTH', '', '', '[A8]', '4', 'CTNS', '23.00', 'per', 'CTNS', '0.000', '92.00']
['', '', '', '', '', '', '', '', '', '', '', '', '120.00', '23.1']
['80', 'FR130', 'FR. TILAPIA WHOLE', '', '1000/UP', '', '10', 'CTNS', '52.00', 'per', 'CTNS', '0.000', '520.00']
['', '', '', '', '', '', '', '', '', '', '', '', '27.60', '28.8']
['60', 'FR710A', 'FR. COOK UNPEEL CORN', '', '', '2 PC', '3', 'CTNS', '32.00', 'per', 'CTNS', '0.000', '96.00']
['', '', '', '', '', '', '', '', '', '', '', '', '45.00', '15.0']
['40', 'FR296', 'HUONG DUYEN CHA CHIEN', '', '', '', '3', 'CTNS', '100.00', 'per', 'CTNS', '0.000', '300.00']
['', '', '', '', '', '', '', '', '', '', '', '', '14.80', '41.1']
['20', 'FR312', 'LAF PANDAN LEAVE (LA DUA)', '', '', '', '1', 'CTNS', '36.00', 'per CTNS', '', '0.000', '36.00']
['Invoice', '#:', '769306', 'Invoice date:', '09/25/18', 'Customer: L003', 'TAN PHAT MARKET(loi phat)', '', 'Sales rep:', '5']
['50', 'FR311A', 'FR. AROY-D BANANA LEAVES', '', '', '', '3', 'CTNS', '21.00', 'per', 'CTNS', '0.000', '63.00']
['', '', '1 LBS X', '30 BAG', '*THAI*', '', '15.50', 'CTNS', '', '', '', '0.000', '46.50']
['', '', '', '', '', '', '', '', '', '', '', '', '16.50', '26.2']
['60', 'FR710A', 'FR. COOK UNPEEL CORN', '', '', '2 PC', '3', 'CTNS', '32.00', 'per', 'CTNS', '0.000', '96.00']
['', '', '2 PCS X', '30 BG', '*LAL FARM*', '', '22.80', 'CTNS', '', '', '', '0.000', '68.40']
['', '', '', '', '', '', '', '', '', '', '', '', '27.60', '28.8']
['70', 'FR710B', 'FR. COOK UNPEEL CORN', '', '', '3 PC', '3', 'CTNS', '37.00', 'per', 'CTNS', '0.000', '111.00']
['', '', '27 OZ X', '24 BAG', '*LAL FARM*', '', '25.68', 'CTNS', '', '', '', '0.000', '77.04']
['', '', '', '', '', '', '', '', '', '', '', '', '33.96', '30.6']
['80', 'FR130', 'FR. TILAPIA WHOLE', '', '1000/UP', '', '10', 'CTNS', '52.00', 'per', 'CTNS', '0.000', '520.00']
['', '', '40LB CA RO PHI', '', '*TW* 10+1', '', '40.00', 'CTNS', '', '', '', '0.000', '400.00']
['', '', '', '', '', '', '', '', '', '', '', '', '120.00', '23.1']
['90', 'FR130', 'FR. TILAPIA WHOLE', '', '1000/UP', '', '1', 'CTNS', '0.00', 'per', 'CTNS', '0.000', '0.00']
['', '', '40LB CA RO PHI', '', '*TW* 10+1', '', '40.00', 'CTNS', '', '', '', '0.000', '40.00']
['', '', '', '', '', '', '', '', '', '', '', '', '40.00-', '0.0']
['110', 'BR102', 'LAL BEEF BROTH', '', '', '[A8]', '4', 'CTNS', '23.00', 'per', 'CTNS', '0.000', '92.00']
['', '', '28 OZ X', '24 CAN SOUP BO', '', '', '15.40', 'CTNS', '', '', '', '0.000', '61.60']
['', '', '', '', '', '', '', '', '', '', '', '', '30.40', '33.0']
['120', 'NO470', 'VIFON CHAO CA', '', '*BOWL*', '', '1', 'CTNS', '46.00', 'per', 'CTNS', '0.000', '46.00']
['', '', '4.2 z/36 bowl/CS', '', '', '[J17]', '42.00', 'CTNS', '', '', '', '0.000', '42.00']
['', '', '', '', '', '', '', '', '', '', '', '', '4.00', '8.7']
['', '', '', '', '', '', '', '', '', '', '', '25.05', '33.4']
['260', 'DV200', 'LAL COOKING TAMARIND', '', '', '1', 'CTNS', '75.00', 'per', 'CTNS', '0.000', '75.00']
['', '', '', '', '', '', '', '', '', '', '', '24.00', '15.8']
['240', 'MI120', 'BLACK & WHITE COND. MILK', '', '', '4', 'CTNS', '38.00', 'per', 'CTNS', '0.000', '152.00']
['', '', '', '', '', '', '', '', '', '', '', '6.47', '17.0']
['220', 'SU130', 'SMALL LUMP CANDY', '', '*WHITE*', '1', 'EACH', '38.00', 'per', 'CTNS', '0.000', '38.00']
['', '', '', '', '', '', '', '', '', '', '', '8.00', '22.9']
['200', 'CF222', 'AROY-D LONGAN IN SYRUP', '', '', '1', 'CTNS', '35.00', 'per', 'CTNS', '0.000', '35.00']
['', '', '', '', '', '', '', '', '', '', '', '2.00', '9.5']
['160', 'CI101', 'SAMBAL OELEK GR CHILI', '', '*S*', '1', 'CTNS', '21.00', 'per CTNS', '', '0.000', '21.00']
['Invoice', '#:', '769306', 'Invoice date:', '09/25/18', 'Customer: L003', 'TAN PHAT MARKET(loi phat)', '', 'Sales rep:', '5']
['210', 'NT106', 'NORIMAKI MATE RICE CRACK', '', '', '1', 'CTNS', '42.00', 'per', 'CTNS', '0.000', '42.00']
['', '', '16 OZ X', '10 BAG', '[H17b]', '38.00', 'CTNS', '', '', '', '0.000', '38.00']
['', '', '', '', '', '', '', '', '', '', '', '4.00', '9.5']
['220', 'SU130', 'SMALL LUMP CANDY', '', '*WHITE*', '1', 'EACH', '38.00', 'per', 'CTNS', '0.000', '38.00']
['', '', '14OZ X', '50 LUCKY CROWN', '5+1', '31.53', 'EACH', '', '', '', '0.000', '31.53']
['', '', '', '', '', '', '', '', '', '', '', '6.47', '17.0']
['230', 'MI100', 'LONGEVITY BRAND COND MILK', '', '', '4', 'CTNS', '54.00', 'per', 'CTNS', '0.000', '216.00']
['', '', '14 OZ X', '24 CANS', '[C24]', '50.00', 'CTNS', '', '', '', '0.000', '200.00']
['', '', '', '', '', '', '', '', '', '', '', '16.00', '7.4']
['240', 'MI120', 'BLACK & WHITE COND. MILK', '', '', '4', 'CTNS', '38.00', 'per', 'CTNS', '0.000', '152.00']
['', '', '14 OZ X', '24 CANS', '[C25]', '32.00', 'CTNS', '', '', '', '0.000', '128.00']
['', '', '', '', '', '', '', '', '', '', '', '24.00', '15.8']
['250', 'SS110', 'LA. BO DE SOY SAUCE', '', '33.8z', '1', 'CTNS', '17.50', 'per', 'CTNS', '0.000', '17.50']
['', '', '33.8 OZ X', '12 BT', '[F17]', '16.00', 'CTNS', '', '', '', '0.000', '16.00']
['', '', '', '', '', '', '', '', '', '', '', '1.50', '8.6']
['260', 'DV200', 'LAL COOKING TAMARIND', '', '', '1', 'CTNS', '75.00', 'per', 'CTNS', '0.000', '75.00']
['', '', '14 OZ X', '50 BAGS', '', '49.95', 'CTNS', '', '', '', '0.000', '49.95']
['', '', '', '', '', '', '', '', '', '', '', '25.05', '33.4']
['270', 'FL101', 'ARGO CORN STARCH', '', '', '1', 'CTNS', '18.85', 'per', 'CTNS', '0.000', '18.85']
['', '', '16 OZ X', '24 BOX', '10+1', '15.54', 'CTNS', '', '', '', '0.000', '15.54']
['', '', '', '', '', '', '', '', '', '', '', '3.31', '17.6']
['', '', '', '', '', '', '', '', '', '', '', '', '21.00', '23.3']
['370', 'COF109C', 'TRUNG NGUYEN COFEE', '', '', '*20PK', '2', 'CTNS', '45.00', 'per', 'CTNS', '0.000', '90.00']
['', '', '', '', '', '', '', '', '', '', '', '', '2.00', '12.9']
['340', 'NO320', 'UDON CHICKEN FLAVOR', '', '', '', '1', 'CTNS', '15.50', 'per', 'CTNS', '0.000', '15.50']
['', '', '', '', '', '', '', '', '', '', '', '', '3.00', '9.0']
['320', 'KS104', 'SK BOT BANH CUON steam', '', '', '', '1', 'CTNS', '33.50', 'per', 'CTNS', '0.000', '33.50']
['', '', '', '', '', '', '', '', '', '', '', '', '40.00', '9.3']
['301', 'RI002', 'SUKOYAKA GENMAI BROWN RIC', '', '', '', '20', 'CTNS', '21.50', 'per', 'CTNS', '0.000', '430.00']
['', '', '', '', '', '', '', '', '', '', '', '', '2.00', '10.8']
['290', 'NO240G', 'HAO HAO MI CHAY', '', '', '*CUP*', '1', 'BLD', '18.50', 'per BLD', '', '0.000', '18.50']
['Invoice', '#:', '769306', 'Invoice date:', '09/25/18', 'Customer: L003', 'TAN PHAT MARKET(loi phat)', '', 'Sales rep:', '5']
['310', 'RI160', 'HOME-V BROWN RICE', '', '', '15 LBS', '10', 'BAGS', '8.70', 'per', 'BAGS', '0.000', '87.00']
['', '', '15 LBS', '/ BAG', '', 'new corp', '7.85', 'BAGS', '', '', '', '0.000', '78.50']
['', '', '', '', '', '', '', '', '', '', '', '', '8.50', '9.8']
['320', 'KS104', 'SK BOT BANH CUON steam', '', '', '', '1', 'CTNS', '33.50', 'per', 'CTNS', '0.000', '33.50']
['', '', '12 Z/45 BG rice roll', '', '', '*05', '30.50', 'CTNS', '', '', '', '0.000', '30.50']
['', '', '', '', '', '', '', '', '', '', '', '', '3.00', '9.0']
['330', 'KS103', 'SK BOT TOM & CHUOI CHIEN', '', '', '', '1', 'CTNS', '33.00', 'per', 'CTNS', '0.000', '33.00']
['', '', '12Z/45B temp batter', '', '', '*04', '29.75', 'CTNS', '', '', '', '0.000', '29.75']
['', '', '', '', '', '', '', '', '', '', '', '', '3.25', '9.8']
['340', 'NO320', 'UDON CHICKEN FLAVOR', '', '', '', '1', 'CTNS', '15.50', 'per', 'CTNS', '0.000', '15.50']
['', '', '7 OZ X', '', '30 BAGS', 'CHIKARA', '13.50', 'CTNS', '', '', '', '0.000', '13.50']
['', '', '', '', '', '', '', '', '', '', '', '', '2.00', '12.9']
['360', 'COF109A', 'TRUNG NGUYEN COFFE', '', '', '*100ST', '2', 'CTNS', '45.00', 'per', 'CTNS', '0.000', '90.00']
['', '', '100 X', '5', '3in1 EXPORT', '', '34.20', 'CTNS', '', '', '', '0.000', '68.40']
['', '', '', '', '', '', '', '', '', '', '', '', '21.60', '24.0']
['370', 'COF109C', 'TRUNG NGUYEN COFEE', '', '', '*20PK', '2', 'CTNS', '45.00', 'per', 'CTNS', '0.000', '90.00']
['', '', '20TB X', '24', '3in1', '*TT*', '34.50', 'CTNS', '', '', '', '0.000', '69.00']
['', '', '', '', '', '', '', '', '', '', '', '', '21.00', '23.3']
['390', 'RS135A', 'NP BUN TUOI TAY DO', '', '', '', '1', 'CTNS', '33.50', 'per', 'CTNS', '0.000', '33.50']
['', '', '2 LBS X', '20 BAGS', '', '', '20.50', 'CTNS', '', '', '', '0.000', '20.50']
['', '', '', '', '', '', '', '', '', '', '', '', '13.00', '38.8']
['', '', '', '', '', '', '', '', '', '', '', '', '', '', '', '11.50-', '0.0']
['470', 'UT818', '', 'PALLET', '', '', '', '', '2', 'CTNS', '', '0.00', 'per CTNS', '', '0.000', '0.00']
['', '', '', '', '', '', '', '', '', '', '', '', '', '', '', '2.25', '11.5']
['450', 'CH111', '', 'N-SHIM PRAWN CRACKER', '', '', '', '', '1', 'CTNS', '', '19.50', 'per CTNS', '', '0.000', '19.50']
['', '', '', '', '', '', '', '', '', '', '', '', '', '', '', '3.70', '9.6']
['430', 'SE124', '', 'KADOYA SESAME OIL', '', '', '', '11 OZ', '1', 'CTNS', '', '38.50', 'per CTNS', '', '0.000', '38.50']
['', '', '', '', '', '', '', '', '', '', '', '', '', '', '', '6.05', '37.8']
['410', 'BS170', '', 'LAL SOUR BBS', '', '', '4 LBS', '', '1', 'CTNS', '', '16.00', 'per CTNS', '', '0.000', '16.00']
['Invoice', '#:', '769306', 'Invoice date:', '', '', '09/25/18', '', 'Customer: L003', '', 'TAN PHAT MARKET(loi phat)', '', '', 'Sales rep:', '', '5']
['430', 'SE124', '', 'KADOYA SESAME OIL', '', '', '', '11 OZ', '1', 'CTNS', '', '38.50', 'per CTNS', '', '0.000', '38.50']
['', '', '', '11 OZ X', '12 BT', '', '', '[H23]', '34.80', 'CTNS', '', '', '', '', '0.000', '34.80']
['', '', '', '', '', '', '', '', '', '', '', '', '', '', '', '3.70', '9.6']
['440', 'NO450', '', 'VIFON PHO BO', '', '', '', '*bag*', '1', 'BDL', '', '26.50', 'per BDL', '', '0.000', '26.50']
['', '', '', '2.1 OZ', '(3 X', '', '24)', '[J18]', '24.00', 'BDL', '', '', '', '', '0.000', '24.00']
['', '', '', '', '', '', '', '', '', '', '', '', '', '', '', '2.50', '9.4']
['450', 'CH111', '', 'N-SHIM PRAWN CRACKER', '', '', '', '', '1', 'CTNS', '', '19.50', 'per CTNS', '', '0.000', '19.50']
['', '', '', '2.64 OZX30 BAG', '', '', '', '', '17.25', 'CTNS', '', '', '', '', '0.000', '17.25']
['', '', '', '', '', '', '', '', '', '', '', '', '', '', '', '2.25', '11.5']
['460', 'TE138', '', '3 LADY. DIETER TEA', '', '', '', '12TBAG', '1', 'CTNS', '', '48.00', 'per CTNS', '', '0.000', '48.00']
['', '', '', '12 TBAGS X', '', '', '36 BOX', '', '43.00', 'CTNS', '', '', '', '', '0.000', '43.00']
['', '', '', '', '', '', '', '', '', '', '', '', '', '', '', '5.00', '10.4']
['470', 'UT818', '', 'PALLET', '', '', '', '', '2', 'CTNS', '', '0.00', 'per CTNS', '', '0.000', '0.00']
['', '', '', 'EACH', '', '', '', '', '5.75', 'CTNS', '', '', '', '', '0.000', '11.50']
['', '', '', '', '', '', '', '', '', '', '', '', '', '', '', '11.50-', '0.0']
['', '', '', '', '', '', '', '', '', '', '', '', 'Invoice', 'totals:', '', '3449.15']
['', '', '', '', '', '', '', '', '', '', '', '', '', '', '', '2917.21']
['', '', '', '', '', '', '', '', '', '', '', '', '', '', '', '531.94', '15.4']
['', '', '', '', '', '', '', '', '', '', '', '', '', '', '', '6.50', '20.3']
['110', 'CI140', '', 'POR KWAN R CHILI PASTE W', '', '', '', '', '1', 'CTNS', '', '32.00', 'per CTNS', '', '0.000', '32.00']
['', '', '', '', '', '', '', '', '', '', '', '', '', '', '', '7.60', '33.0']
['80', 'BR100', '', 'POR KWAN CHICKEN BROTH', '', '', '', '', '1', 'CTNS', '', '23.00', 'per CTNS', '', '0.000', '23.00']
['', '', '', '', '', '', '', '', '', '', '', '', '', '', '', '29.27-', '0.0']
['60', 'RP111C', '', 'BANH TRANG MY THO', '', '', '', '*28CM*', '1', 'CTNS', '', '0.00', 'per CTNS', '', '0.000', '0.00']
['', '', '', '', '', '', '', '', '', '', '', '', '', '', '', '20.46', '25.0']
['40', 'RP111A', '', 'BANH TRANG MY THO', '', '', '', '*25CM*', '2', 'CTNS', '', '41.00', 'per CTNS', '', '0.000', '82.00']
['', '', '', '', '', '', '', '', '', '', '', '', '', '', '', '90.00', '11.0']
['20', 'PW104B', '', 'LAL POLOKU MUSHROOM', '', '', '', '', '20', 'CTNS', '', '41.00', 'per CTNS', '', '0.000', '820.00']
['Invoice', '#:', '769307', 'Invoice date:', '', '', '09/25/18', '', 'Customer: SATIS', 'SATIS FOOD INTER. LTD', '', '', '', 'Sales rep:', '', '5']
['50', 'RP111C', '', 'BANH TRANG MY THO', '', '', '', '*28CM*', '1', 'CTNS', '', '41.00', 'per CTNS', '', '0.000', '41.00']
['', '', '', '12 OZ X', '', '44 BAGS', '', '[I41]', '29.27', 'CTNS', '', '', '', '', '0.000', '29.27']
['', '', '', '', '', '', '', '', '', '', '', '', '', '', '', '11.73', '28.6']
['60', 'RP111C', '', 'BANH TRANG MY THO', '', '', '', '*28CM*', '1', 'CTNS', '', '0.00', 'per CTNS', '', '0.000', '0.00']
['', '', '', '12 OZ X', '', '44 BAGS', '', '[I41]', '29.27', 'CTNS', '', '', '', '', '0.000', '29.27']
['', '', '', '', '', '', '', '', '', '', '', '', '', '', '', '29.27-', '0.0']
['70', 'BR114', '', 'POR KWAN PHO BAC NUOC LEO', '', '', '', '', '1', 'CTNS', '', '23.00', 'per CTNS', '', '0.000', '23.00']
['', '', '', '28 OZ X', '', '24 CAN', '', '', '15.40', 'CTNS', '', '', '', '', '0.000', '15.40']
['', '', '', '', '', '', '', '', '', '', '', '', '', '', '', '7.60', '33.0']
['80', 'BR100', '', 'POR KWAN CHICKEN BROTH', '', '', '', '', '1', 'CTNS', '', '23.00', 'per CTNS', '', '0.000', '23.00']
['', '', '', '28 OZ X', '', '24 CANS', '', '', '15.40', 'CTNS', '', '', '', '', '0.000', '15.40']
['', '', '', '', '', '', '', '', '', '', '', '', '', '', '', '7.60', '33.0']
['100', 'PA117B', '', 'POR KWAN NUOC ME CHUA', '', '', '', '', '1', 'CTNS', '', '36.00', 'per CTNS', '', '0.000', '36.00']
['', '', '', '16OZ X', '24', '', 'SOUP BASE', '10+1', '26.18', 'CTNS', '', '', '', '', '0.000', '26.18']
['', '', '', '', '', '', '', '', '', '', '', '', '', '', '', '9.82', '27.3']
['110', 'CI140', '', 'POR KWAN R CHILI PASTE W', '', '', '', '', '1', 'CTNS', '', '32.00', 'per CTNS', '', '0.000', '32.00']
['', '', '', '7.76OZ X', '', '', '24 SHRIMP POWDER', '', '25.50', 'CTNS', '', '', '', '', '0.000', '25.50']
['', '', '', '', '', '', '', '', '', '', '', '', '', '', '', '6.50', '20.3']
['120', 'PA211A', '', 'POR KWAN MINCE SHRIMP IN', '', '', '', '', '2', 'CTNS', '', '30.00', 'per CTNS', '', '0.000', '60.00']
['', '', '', '7 OZ X', '24 JARS', '', '', 'SPICES', '21.45', 'CTNS', '', '', '', '', '0.000', '42.90']
['', '', '', '', '', '', '', '', '', '', '', '', '', '', '', '17.10', '28.5']
['', '', '', '', '', '', '', '', '', '', '2.50', '17.9']
['190', 'UT818', 'PALLET', '', '', '2', 'CTNS', '7.00', 'per CTNS', '0.000', '14.00']
['', '', '', '', '', '', '', '', '', '', '7.41', '28.5']
['170', 'PA201E', 'POR KWAN DUCK FLV SOUP', '', '', '1', 'CTNS', '26.00', 'per CTNS', '0.000', '26.00']
['', '', '', '', '', '', '', '', '', '', '9.97', '18.1']
['150', 'PA199B', 'POR KWAN GR CHILI W FRIED', '', '', '1', 'CTNS', '55.00', 'per CTNS', '0.000', '55.00']
['Invoice', '#:', '769307', 'Invoice date:', '09/25/18', 'Customer: SATIS', 'SATIS FOOD INTER. LTD', '', 'Sales rep:', '5']
['160', 'PA203B', 'POR KWAN HAINANESE SAUCE', '', '', '1', 'CTNS', '22.00', 'per CTNS', '0.000', '22.00']
['', '', '7 OZ X', '24', 'FOR CHICKEN', '15.45', 'CTNS', '', '', '0.000', '15.45']
['', '', '', '', '', '', '', '', '', '', '6.55', '29.8']
['170', 'PA201E', 'POR KWAN DUCK FLV SOUP', '', '', '1', 'CTNS', '26.00', 'per CTNS', '0.000', '26.00']
['', '', '8 OZ X', '24 INSTANT BASE', '', '18.59', 'CTNS', '', '', '0.000', '18.59']
['', '', '', '', '', '', '', '', '', '', '7.41', '28.5']
['180', 'FS193', 'TIPAROS FISH SAUCE', '', '6 BTL', '3', 'CTNS', '15.00', 'per CTNS', '0.000', '45.00']
['', '', '50 OZ. X', '6 BTL', '', '12.00', 'CTNS', '', '', '0.000', '36.00']
['', '', '', '', '', '', '', '', '', '', '9.00', '20.0']
['190', 'UT818', 'PALLET', '', '', '2', 'CTNS', '7.00', 'per CTNS', '0.000', '14.00']
['', '', 'EACH', '', '', '5.75', 'CTNS', '', '', '0.000', '11.50']
['', '', '', '', '', '', '', '', '', '', '2.50', '17.9']
['', '', '', '', '', '', '', '', 'Invoice totals:', '', '4046.00']
['', '', '', '', '', '', '', '', '', '', '3387.02']
['', '', '', '', '', '', '', '', '', '', '658.98', '16.3']
['', '', '', '', '', '', '', '', '', '', '', '', '', '', '168.00-', '0.0']
['20', 'COF161', '', 'VINA', '3IN1 CAFE', '*20 SACH*', '', '5', 'CTNS', '', '0.00', 'per CTNS', '', '0.000', '0.00']
['Invoice', '#:', '769308', 'Invoice date:', '', '09/25/18', 'Customer: G011', '', '', 'GOLDEN COUNTRY ORIENTAL', '', '', 'Sales rep:', '17']
['', '', '', '', '', '', '', '', '', '', '', '', '', '', '520.00', '23.6']
['20', 'COF161', '', 'VINA', '3IN1 CAFE', '*20 SACH*', '', '5', 'CTNS', '', '0.00', 'per CTNS', '', '0.000', '0.00']
['', '', '', '14 OZ X', '20 TB X', '20BG', '10+1', '33.60', 'CTNS', '', '', '', '', '0.000', '168.00']
['', '', '', '', '', '', '', '', '', '', '', '', '', '', '168.00-', '0.0']
['30', 'UT818', '', 'PALLET', '', '', '', '1', 'CTNS', '', '7.50', 'per CTNS', '', '0.000', '7.50']
['', '', '', 'EACH', '', '', '', '5.75', 'CTNS', '', '', '', '', '0.000', '5.75']
['', '', '', '', '', '', '', '', '', '', '', '', '', '', '1.75', '23.3']
['', '', '', '', '', '', '', '', '', '', '', '', 'Invoice totals:', '', '2207.50']
['', '', '', '', '', '', '', '', '', '', '', '', '', '', '1853.75']
['', '', '', '', '', '', '', '', '', '', '', '', '', '', '353.75', '16.0']
['', '', '', '', '', '', '', '', '', '', '', '', '', '', '8.00', '12.1']
['130', 'SS191', '', 'MAGGI SEASONING SOYSAUCE', '', '', '', '2', 'CTNS', '', '33.00', 'per', 'CTNS', '0.000', '66.00']
['', '', '', '', '', '', '', '', '', '', '', '', '', '', '12.50', '6.9']
['100', 'FS220', '', '3 CRAB FISH SAUCE', '', '', '', '5', 'CTNS', '', '36.00', 'per', 'CTNS', '0.000', '180.00']
['', '', '', '', '', '', '', '', '', '', '', '', '', '', '6.50', '9.2']
['80', 'FD123', '', 'MR BROWN MACADAMIA COFFEE', '', '', '', '5', 'CTNS', '', '14.10', 'per', 'CTNS', '0.000', '70.50']
['', '', '', '', '', '', '', '', '', '', '', '', '', '', '7.50', '19.2']
['60', 'CW120', '', 'SHAO HSING COOKING WINE', '', '', '', '3', 'CTNS', '', '13.00', 'per', 'CTNS', '0.000', '39.00']
['', '', '', '', '', '', '', '', '', '', '', '', '', '', '18.00', '10.3']
['40', 'CI112', '', 'HUY FONG CHILI GARLIC', '', '', '*L*', '6', 'CTNS', '', '29.00', 'per CTNS', '', '0.000', '174.00']
['Invoice', '#:', '769309', 'Invoice date:', '', '09/25/18', 'Customer: NEWTAY', '', '', 'SOUTHEAST SUPERMARKET INC', '', '', 'Sales rep:', '7']
['70', 'FD120', '', 'MR BROWN COFFEE', '', '', '[D27]', '10', 'CTNS', '', '14.10', 'per', 'CTNS', '0.000', '141.00']
['', '', '', '8.12 OZ X', '', '24 CAN', 'CRV002', '12.80', 'CTNS', '', '', '', '', '0.000', '128.00']
['', '', '', '', '', '', '', '', '', '', '', '', '', '', '13.00', '9.2']
['80', 'FD123', '', 'MR BROWN MACADAMIA COFFEE', '', '', '', '5', 'CTNS', '', '14.10', 'per', 'CTNS', '0.000', '70.50']
['', '', '', '8.12 OZ X', '', '24 CAN', 'CRV002', '12.80', 'CTNS', '', '', '', '', '0.000', '64.00']
['', '', '', '', '', '', '', '', '', '', '', '', '', '', '6.50', '9.2']
['90', 'FD150', '', 'COCO RICO COCONUT SODA', '', '', '', '3', 'CTNS', '', '8.75', 'per', 'CTNS', '0.000', '26.25']
['', '', '', '12 OZ X', '24', '', '', '7.75', 'CTNS', '', '', '', '', '0.000', '23.25']
['', '', '', '', '', '', '', '', '', '', '', '', '', '', '3.00', '11.4']
['100', 'FS220', '', '3 CRAB FISH SAUCE', '', '', '', '5', 'CTNS', '', '36.00', 'per', 'CTNS', '0.000', '180.00']
['', '', '', '24 OZ X', '12 BT', '', '', '33.50', 'CTNS', '', '', '', '', '0.000', '167.50']
['', '', '', '', '', '', '', '', '', '', '', '', '', '', '12.50', '6.9']
['110', 'SS131', '', 'PRB LIGHT SOY SAUCE', '', '', '500ML', '2', 'CTNS', '', '28.50', 'per', 'CTNS', '0.000', '57.00']
['', '', '', '17 OZ X', '24', '[F30] SUPERIOR', '', '25.90', 'CTNS', '', '', '', '', '0.000', '51.80']
['', '', '', '', '', '', '', '', '', '', '', '', '', '', '5.20', '9.1']
['130', 'SS191', '', 'MAGGI SEASONING SOYSAUCE', '', '', '', '2', 'CTNS', '', '33.00', 'per', 'CTNS', '0.000', '66.00']
['', '', '', '27 OZ X', '6 BT', '[F15]', '*L*', '29.00', 'CTNS', '', '', '', '', '0.000', '58.00']
['', '', '', '', '', '', '', '', '', '', '', '', '', '', '8.00', '12.1']
['140', 'MI120', '', 'BLACK & WHITE COND. MILK', '', '', '', '1', 'CTNS', '', '38.00', 'per', 'CTNS', '0.000', '38.00']
['', '', '', '14 OZ X', '24 CANS', '', '[C25]', '32.00', 'CTNS', '', '', '', '', '0.000', '32.00']
['', '', '', '', '', '', '', '', '', '', '', '', '', '', '6.00', '15.8']
['', '', '', '', '', '', '', '', '', '', '', '5.25', '8.8']
['270', 'CO113', 'BIN BIN RICE CRACKER', '', '', '3', 'CTNS', '20.00', 'per', 'CTNS', '0.000', '60.00']
['', '', '', '', '', '', '', '', '', '', '', '5.25', '10.0']
['250', 'CH130', 'M.POLO SHRIMP CHIP ORIGIN', '', '', '3', 'CTNS', '17.50', 'per', 'CTNS', '0.000', '52.50']
['', '', '', '', '', '', '', '', '', '', '', '9.05', '30.2']
['230', 'CH102', 'MINH P MIX FRUIT TRAI CAY', '', '', '1', 'EACH', '30.00', 'per', 'CTNS', '0.000', '30.00']
['', '', '', '', '', '', '', '', '', '', '', '8.90', '11.6']
['190', 'MS101', 'AJINOMOTO MSG (BAGS)', '', '', '1', 'CTNS', '77.00', 'per', 'CTNS', '0.000', '77.00']
['', '', '', '', '', '', '', '', '', '', '', '78.22', '48.3']
['160', 'UT180A', '2 PLY BLANKET', '', '200X240 CM', '1', 'CTNS', '162.00', 'per CTNS', '', '0.000', '162.00']
['Invoice', '#:', '769309', 'Invoice date:', '09/25/18', 'Customer: NEWTAY', 'SOUTHEAST SUPERMARKET INC', '', 'Sales rep:', '7']
['200', 'BR108', 'TEMPLE SOUP PHO BAC', '', '', '1', 'CTNS', '16.50', 'per', 'CTNS', '0.000', '16.50']
['', '', '30 OZ X', '12 CANNED', '', '14.95', 'CTNS', '', '', '', '0.000', '14.95']
['', '', '', '', '', '', '', '', '', '', '', '1.55', '9.4']
['230', 'CH102', 'MINH P MIX FRUIT TRAI CAY', '', '', '1', 'EACH', '30.00', 'per', 'CTNS', '0.000', '30.00']
['', '', '7 OZ X', '25 xay', '[G27b]', '20.95', 'EACH', '', '', '', '0.000', '20.95']
['', '', '', '', '', '', '', '', '', '', '', '9.05', '30.2']
['240', 'CO280', 'LAYER CAKE PANDAN', '', '', '2', 'CTNS', '37.00', 'per', 'CTNS', '0.000', '74.00']
['', '', '36 TRAY/8 PC', '', '[H15b]', '33.00', 'CTNS', '', '', '', '0.000', '66.00']
['', '', '', '', '', '', '', '', '', '', '', '8.00', '10.8']
['250', 'CH130', 'M.POLO SHRIMP CHIP ORIGIN', '', '', '3', 'CTNS', '17.50', 'per', 'CTNS', '0.000', '52.50']
['', '', '2.5 OZ X', '24 BAGS', '', '15.75', 'CTNS', '', '', '', '0.000', '47.25']
['', '', '', '', '', '', '', '', '', '', '', '5.25', '10.0']
['260', 'CH131', 'M.POLO SHRIMP CHIP ONION', '', '', '1', 'EACH', '17.50', 'per', 'CTNS', '0.000', '17.50']
['', '', '2.5 OZ X', '24 BAGS & GARLIC', '', '15.75', 'EACH', '', '', '', '0.000', '15.75']
['', '', '', '', '', '', '', '', '', '', '', '1.75', '10.0']
['270', 'CO113', 'BIN BIN RICE CRACKER', '', '', '3', 'CTNS', '20.00', 'per', 'CTNS', '0.000', '60.00']
['', '', '3.73 OZ X', '30 BAGS', '[I50]', '18.25', 'CTNS', '', '', '', '0.000', '54.75']
['', '', '', '', '', '', '', '', '', '', '', '5.25', '8.8']
['290', 'NO334', 'MAMA RICE VERMICELLI BUN', '', '', '2', 'CTNS', '48.00', 'per', 'CTNS', '0.000', '96.00']
['', '', '30 BGS X', '6 BX', 'CLEAR SOUP', '43.00', 'CTNS', '', '', '', '0.000', '86.00']
['', '', '', '', '', '', '', '', '', '', '', '10.00', '10.4']
['', '', '', '', '', '', '', '', '', '', '', '', '', '1.75', '23.3']
['370', 'UT818', 'PALLET', '', '', '', '', '1', 'CTNS', '7.50', 'per', 'CTNS', '0.000', '7.50']
['', '', '', '', '', '', '', '', '', '', '', '', '', '6.00', '9.1']
['351', 'COF108', 'TRUNG NGUYEN COFFEE (CAN)', '', '', '', '', '1', 'CTNS', '66.00', 'per', 'CTNS', '0.000', '66.00']
['', '', '', '', '', '', '', '', '', '', '', '', '', '26.00', '11.2']
['340', 'HM140', 'KYJ CHINESE SAUSAGE', '', '', '', '', '2', 'CTNS', '116.00', 'per', 'CTNS', '0.000', '232.00']
['', '', '', '', '', '', '', '', '', '', '', '', '', '7.50', '11.9']
['310', 'NO239', 'OH RICEY PHO BO', '', '', '24 BAGS', '', '2', 'BDL', '31.50', 'per BDL', '', '0.000', '63.00']
['Invoice', '#:', '769309', 'Invoice date:', '09/25/18', 'Customer: NEWTAY', 'SOUTHEAST SUPERMARKET INC', '', 'Sales rep:', '7']
['340', 'HM140', 'KYJ CHINESE SAUSAGE', '', '', '', '', '2', 'CTNS', '116.00', 'per', 'CTNS', '0.000', '232.00']
['', '', '14 OZ X', '', '32 BAGS', '03/19/19', '', '103.00', 'CTNS', '', '', '', '0.000', '206.00']
['', '', '', '', '', '', '', '', '', '', '', '', '', '26.00', '11.2']
['350', 'HM141', 'KYJ CHICKEN SAUSAGE', '', '', '', '', '1', 'CTNS', '116.00', 'per', 'CTNS', '0.000', '116.00']
['', '', '14 OZ. X', '', '32 BAGS', '04/14/19', '', '105.50', 'CTNS', '', '', '', '0.000', '105.50']
['', '', '', '', '', '', '', '', '', '', '', '', '', '10.50', '9.1']
['351', 'COF108', 'TRUNG NGUYEN COFFEE (CAN)', '', '', '', '', '1', 'CTNS', '66.00', 'per', 'CTNS', '0.000', '66.00']
['', '', '15 OZ/12 CAN', '', '*L*', '', '', '60.00', 'CTNS', '', '', '', '0.000', '60.00']
['', '', '', '', '', '', '', '', '', '', '', '', '', '6.00', '9.1']
['352', 'COF161', 'VINA', '3IN1 CAFE', '', '*20 SACH*', '', '2', 'CTNS', '44.00', 'per', 'CTNS', '0.000', '88.00']
['', '', '14 OZ X', '', '20 TB X', '20BG', '10+1', '33.60', 'CTNS', '', '', '', '0.000', '67.20']
['', '', '', '', '', '', '', '', '', '', '', '', '', '20.80', '23.6']
['370', 'UT818', 'PALLET', '', '', '', '', '1', 'CTNS', '7.50', 'per', 'CTNS', '0.000', '7.50']
['', '', 'EACH', '', '', '', '', '5.75', 'CTNS', '', '', '', '0.000', '5.75']
['', '', '', '', '', '', '', '', '', '', '', '', '', '1.75', '23.3']
['', '', '', '', '', '', '', '', '', '', '', 'Invoice', 'totals:', '2332.25']
['', '', '', '', '', '', '', '', '', '', '', '', '', '2010.46']
['', '', '', '', '', '', '', '', '', '', '', '', '', '321.79', '13.8']
['', '', '', '', '', '', '', '', '', '', '', '', '', '1.02', '11.5']
['160', 'NO396D', 'INDO MI ONION CHICKEN', '', '', '', '', '1', 'CTNS', '8.90', 'per', 'CTNS', '0.000', '8.90']
['', '', '', '', '', '', '', '', '', '', '', '', '', '4.00', '8.7']
['110', 'NO468', 'VIFON CHAO HAI SAN', '', '', '', '*BOWL*', '1', 'BUND', '46.00', 'per', 'BUND', '0.000', '46.00']
['', '', '', '', '', '', '', '', '', '', '', '', '', '5.94', '34.9']
['80', 'NO106A', 'SAFOCO RICE MACRONI K-T', '', '', '', '', '1', 'CTNS', '17.00', 'per', 'CTNS', '0.000', '17.00']
['', '', '', '', '', '', '', '', '', '', '', '', '7.00', '13.7']
['50', 'RS131A', 'EXCELENT RICE STICK BIHON', '', '', '', '1', 'CTNS', '51.00', 'per', 'CTNS', '0.000', '51.00']
['', '', '', '', '', '', '', '', '', '', '', '', '12.92', '34.5']
['30', 'RS105', 'MY THO BANH HOI TUOI', '', '', '*VN*', '1', 'CTNS', '37.40', 'per CTNS', '', '0.000', '37.40']
['Invoice', '#:', '769310', 'Invoice date:', '09/25/18', 'Customer:', '88A', '88 INTERNATIONAL MARKET', 'Sales rep:', '7']
['60', 'VE107', 'BICH CHI GREEN BEAN VERMI', '', '', '', '1', 'CTNS', '40.00', 'per', 'CTNS', '0.000', '40.00']
['', '', '200 GR X', '', '', '40 MIEN DAU XANH', '', '27.02', 'CTNS', '', '', '', '0.000', '27.02']
['', '', '', '', '', '', '', '', '', '', '', '', '', '12.98', '32.5']
['80', 'NO106A', 'SAFOCO RICE MACRONI K-T', '', '', '', '', '1', 'CTNS', '17.00', 'per', 'CTNS', '0.000', '17.00']
['', '', '17.6ZX', '', '10 cong short tube', '', '', '11.06', 'CTNS', '', '', '', '0.000', '11.06']
['', '', '', '', '', '', '', '', '', '', '', '', '', '5.94', '34.9']
['100', 'NO451', 'VIFON PHO GA', '', '', '', '*bag*', '1', 'BDL', '26.50', 'per', 'BDL', '0.000', '26.50']
['', '', '2.1 OZ', '(3 X', '', '24)', '[J18]', '24.00', 'BDL', '', '', '', '0.000', '24.00']
['', '', '', '', '', '', '', '', '', '', '', '', '', '2.50', '9.4']
['110', 'NO468', 'VIFON CHAO HAI SAN', '', '', '', '*BOWL*', '1', 'BUND', '46.00', 'per', 'BUND', '0.000', '46.00']
['', '', '4.2 z/36 bowl/CS', '', '', '', '', '42.00', 'BUND', '', '', '', '0.000', '42.00']
['', '', '', '', '', '', '', '', '', '', '', '', '', '4.00', '8.7']
['120', 'NO481A', 'VIFON phu gia MIEN GA/Y', '', '', '', '', '1', 'CTNS', '36.50', 'per', 'CTNS', '0.000', '36.50']
['', '', '60 G/12 BG/6', '', '', '[J24]', '', '33.00', 'CTNS', '', '', '', '0.000', '33.00']
['', '', '', '', '', '', '', '', '', '', '', '', '', '3.50', '9.6']
['160', 'NO396D', 'INDO MI ONION CHICKEN', '', '', '', '', '1', 'CTNS', '8.90', 'per', 'CTNS', '0.000', '8.90']
['', '', '2.6 OZ X', '', '30 BAGS', '', '', '7.88', 'CTNS', '', '', '', '0.000', '7.88']
['', '', '', '', '', '', '', '', '', '', '', '', '', '1.02', '11.5']
['170', 'NO331', 'MAMA TOMYUM NOODLE (BAG)', '', '', '', '', '1', 'CTNS', '46.00', 'per', 'CTNS', '0.000', '46.00']
['', '', '2.1 OZ X', '', '(6 X', '30)', '', '40.00', 'CTNS', '', '', '', '0.000', '40.00']
['', '', '', '', '', '', '', '', '', '', '', '', '', '6.00', '13.0']
['', '', '', '', '', '', '', '', '', '', '', '', '9.00', '42.9']
['360', 'SS190B', 'MAGGI SOY SAUCE VN LARGE', '', '', '', '1', 'CTNS', '21.00', 'per', 'CTNS', '0.000', '21.00']
['', '', '', '', '', '', '', '', '', '', '', '', '7.00', '10.4']
['310', 'SS193', 'SWISS MAGGIE SEASONING L', '', '', '', '1', 'CTNS', '67.00', 'per', 'CTNS', '0.000', '67.00']
['', '', '', '', '', '', '', '', '', '', '', '', '12.00', '9.1']
['270', 'HM151', 'CALIFORNIA.CHICKEN SAUSAG', '', '', '', '1', 'CTNS', '132.00', 'per', 'CTNS', '0.000', '132.00']
['', '', '', '', '', '', '', '', '', '', '', '', '2.40', '10.4']
['220', 'CF291', 'CHIN-C GRASS JELLY', '', '', '19 OZ', '2', 'CTNS', '11.50', 'per', 'CTNS', '0.000', '23.00']
['', '', '', '', '', '', '', '', '', '', '', '', '7.50', '19.7']
['190', 'CF226', 'LAL TODDY PALM', '', '*WHOLE*', '', '1', 'CTNS', '38.00', 'per CTNS', '', '0.000', '38.00']
['Invoice', '#:', '769310', 'Invoice date:', '09/25/18', 'Customer:', '88A', '88 INTERNATIONAL MARKET', 'Sales rep:', '7']
['260', 'MI124', 'NAPA ORG. CONDENSE MILK', '', '', '', '1', 'CTNS', '28.00', 'per', 'CTNS', '0.000', '28.00']
['', '', '14 OZ X', '24 CAN', '', '', '25.00', 'CTNS', '', '', '', '0.000', '25.00']
['', '', '', '', '', '', '', '', '', '', '', '', '3.00', '10.7']
['270', 'HM151', 'CALIFORNIA.CHICKEN SAUSAG', '', '', '', '1', 'CTNS', '132.00', 'per', 'CTNS', '0.000', '132.00']
['', '', '16 OZ X', '24 BAGS', '', '', '120.00', 'CTNS', '', '', '', '0.000', '120.00']
['', '', '', '', '', '', '', '', '', '', '', '', '12.00', '9.1']
['300', 'SS191', 'MAGGI SEASONING SOYSAUCE', '', '', '', '2', 'CTNS', '33.00', 'per', 'CTNS', '0.000', '66.00']
['', '', '27 OZ X', '6 BT', '[F15]', '*L*', '29.00', 'CTNS', '', '', '', '0.000', '58.00']
['', '', '', '', '', '', '', '', '', '', '', '', '8.00', '12.1']
['310', 'SS193', 'SWISS MAGGIE SEASONING L', '', '', '', '1', 'CTNS', '67.00', 'per', 'CTNS', '0.000', '67.00']
['', '', '27 Z/6 BT', '[F12] expensive', '', '', '60.00', 'CTNS', '', '', '', '0.000', '60.00']
['', '', '', '', '', '', '', '', '', '', '', '', '7.00', '10.4']
['340', 'SS183', 'KKM SOY SAUCE', '', '5 OZ TB', '', '1', 'CTNS', '18.50', 'per', 'CTNS', '0.000', '18.50']
['', '', '5 OZ X', '12 TABLE DISPENSER', '', '', '16.50', 'CTNS', '', '', '', '0.000', '16.50']
['', '', '', '', '', '', '', '', '', '', '', '', '2.00', '10.8']
['360', 'SS190B', 'MAGGI SOY SAUCE VN LARGE', '', '', '', '1', 'CTNS', '21.00', 'per', 'CTNS', '0.000', '21.00']
['', '', '700 ML X', '12 BT', '*YELLOW*', '', '12.00', 'CTNS', '', '', '', '0.000', '12.00']
['', '', '', '', '', '', '', '', '', '', '', '', '9.00', '42.9']
['370', 'SS155', 'MAEKRUA OYSTER SAUCE', '', '', '*L*', '1', 'CTNS', '22.00', 'per', 'CTNS', '0.000', '22.00']
['', '', '20 OZ X', '12 BT', 'thailand', '', '20.00', 'CTNS', '', '', '', '0.000', '20.00']
['', '', '', '', '', '', '', '', '', '', '', '', '2.00', '9.1']
['', '', '', '', '', '', '', '', '', '', '', '2.50', '9.4']
['520', 'CO255B', 'GARDEN STRAWBERY WAFER', '', '', '1', 'CTNS', '26.50', 'per', 'CTNS', '0.000', '26.50']
['', '', '', '', '', '', '', '', '', '', '', '6.00', '9.4']
['500', 'BN131', 'COCK RED BEAN', '', '', '1', 'CTNS', '64.00', 'per', 'CTNS', '0.000', '64.00']
['', '', '', '', '', '', '', '', '', '', '', '18.50', '33.6']
['470', 'PW104B', 'LAL POLOKU MUSHROOM', '', '', '1', 'CTNS', '55.00', 'per', 'CTNS', '0.000', '55.00']
['', '', '', '', '', '', '', '', '', '', '', '3.00', '10.3']
['440', 'BR115', 'NEW CHOICE CHICKEN BROTH', '', '', '5', 'CTNS', '5.80', 'per', 'CTNS', '0.000', '29.00']
['', '', '', '', '', '', '', '', '', '', '', '2.00', '10.5']
['420', 'CI110', 'HUY FONG CHILI GARLIC', '', '*M*', '1', 'CTNS', '19.00', 'per CTNS', '', '0.000', '19.00']
['Invoice', '#:', '769310', 'Invoice date:', '09/25/18', 'Customer:', '88A', '88 INTERNATIONAL MARKET', 'Sales rep:', '7']
['450', 'BR116A', 'NEW CHOICE VEGETABLE SOUP', '', '', '5', 'CTNS', '6.50', 'per', 'CTNS', '0.000', '32.50']
['', '', '14 OZ X', '12 CAN SOUP CHAY', '', '5.85', 'CTNS', '', '', '', '0.000', '29.25']
['', '', '', '', '', '', '', '', '', '', '', '3.25', '10.0']
['470', 'PW104B', 'LAL POLOKU MUSHROOM', '', '', '1', 'CTNS', '55.00', 'per', 'CTNS', '0.000', '55.00']
['', '', '500 G X', '12 BAGS SEASONING', '', '36.50', 'CTNS', '', '', '', '0.000', '36.50']
['', '', '', '', '', '', '', '', '', '', '', '18.50', '33.6']
['490', 'TA124', 'E FAT TAPIOCA PEARL*BLACK', '', '', '1', 'CTNS', '52.00', 'per', 'CTNS', '0.000', '52.00']
['', '', '2.2 LBS X', '18 BG', '*1607530*', '47.00', 'CTNS', '', '', '', '0.000', '47.00']
['', '', '', '', '', '', '', '', '', '', '', '5.00', '9.6']
['500', 'BN131', 'COCK RED BEAN', '', '', '1', 'CTNS', '64.00', 'per', 'CTNS', '0.000', '64.00']
['', '', '13.2 OZ X', '50 BAGS', '', '58.00', 'CTNS', '', '', '', '0.000', '58.00']
['', '', '', '', '', '', '', '', '', '', '', '6.00', '9.4']
['510', 'CO127', 'BAHLSEN LEIBNIZ BUTTER', '', '', '1', 'CTNS', '35.00', 'per', 'CTNS', '0.000', '35.00']
['', '', '7 OZ X', '16 BOX', '*L*', '31.68', 'CTNS', '', '', '', '0.000', '31.68']
['', '', '', '', '', '', '', '', '', '', '', '3.32', '9.5']
['520', 'CO255B', 'GARDEN STRAWBERY WAFER', '', '', '1', 'CTNS', '26.50', 'per', 'CTNS', '0.000', '26.50']
['', '', '7 OZ X', '24 BAGS', '[G36b]', '24.00', 'CTNS', '', '', '', '0.000', '24.00']
['', '', '', '', '', '', '', '', '', '', '', '2.50', '9.4']
['530', 'CO255I', 'GARDEN CAPPUCCINO WAFER', '', '', '1', 'CTNS', '26.50', 'per', 'CTNS', '0.000', '26.50']
['', '', '7 OZ X', '24 BOX', '[G35b]', '24.00', 'CTNS', '', '', '', '0.000', '24.00']
['', '', '', '', '', '', '', '', '', '', '', '2.50', '9.4']
['', '', '', '', '', '', '', '', '', '', '', '', '0.70', '9.2']
['640', 'CA119B', 'MORINAGA', '*BAG* TROPICAL', '', '', '1', 'CTNS', '7.60', 'per', 'CTNS', '0.000', '7.60']
['', '', '', '', '', '', '', '', '', '', '', '', '0.70', '9.2']
['620', 'CA119', 'MORINAGA', '*BAG* ASSORTED', '', '', '1', 'CASE', '7.60', 'per', 'CASE', '0.000', '7.60']
['', '', '', '', '', '', '', '', '', '', '', '', '1.75', '8.8']
['600', 'CO113', 'BIN BIN RICE CRACKER', '', '', '', '1', 'CTNS', '20.00', 'per', 'CTNS', '0.000', '20.00']
['', '', '', '', '', '', '', '', '', '', '', '', '2.25', '11.5']
['580', 'CH110', 'N-SHIM ONION RING', '', '', '', '1', 'CTNS', '19.50', 'per', 'CTNS', '0.000', '19.50']
['', '', '', '', '', '', '', '', '', '', '', '', '2.00', '10.0']
['560', 'CH120', 'CALBEE SHRIMP CHIPS', '', '', '8 OZ', '1', 'CTNS', '20.00', 'per CTNS', '', '0.000', '20.00']
['Invoice', '#:', '769310', 'Invoice date:', '09/25/18', 'Customer:', '88A', '88 INTERNATIONAL MARKET', 'Sales rep:', '7']
['590', 'CH130', 'M.POLO SHRIMP CHIP ORIGIN', '', '', '', '1', 'CTNS', '17.50', 'per', 'CTNS', '0.000', '17.50']
['', '', '2.5 OZ X', '24 BAGS', '', '', '15.75', 'CTNS', '', '', '', '0.000', '15.75']
['', '', '', '', '', '', '', '', '', '', '', '', '1.75', '10.0']
['600', 'CO113', 'BIN BIN RICE CRACKER', '', '', '', '1', 'CTNS', '20.00', 'per', 'CTNS', '0.000', '20.00']
['', '', '3.73 OZ X', '30 BAGS', '', '[I50]', '18.25', 'CTNS', '', '', '', '0.000', '18.25']
['', '', '', '', '', '', '', '', '', '', '', '', '1.75', '8.8']
['610', 'CO113A', 'BIN BIN COCONUT MILK RICE', '', '', '', '1', 'CTNS', '24.50', 'per', 'CTNS', '0.000', '24.50']
['', '', '5.3 OZ X', '20 BAG', 'CRACKER', '', '22.00', 'CTNS', '', '', '', '0.000', '22.00']
['', '', '', '', '', '', '', '', '', '', '', '', '2.50', '10.2']
['620', 'CA119', 'MORINAGA', '*BAG* ASSORTED', '', '', '1', 'CASE', '7.60', 'per', 'CASE', '0.000', '7.60']
['', '', '3.52 OZ X', '6 BAGS X', '', '1 BOX', '6.90', 'CASE', '', '', '', '0.000', '6.90']
['', '', '', '', '', '', '', '', '', '', '', '', '0.70', '9.2']
['630', 'CA119A', 'MORINAGA', '*BAG* STRAWBERRY', '', '', '1', 'CTNS', '7.60', 'per', 'CTNS', '0.000', '7.60']
['', '', '3.52 OZ X', '6 BAGS X', '', '1 BOX', '6.90', 'CTNS', '', '', '', '0.000', '6.90']
['', '', '', '', '', '', '', '', '', '', '', '', '0.70', '9.2']
['640', 'CA119B', 'MORINAGA', '*BAG* TROPICAL', '', '', '1', 'CTNS', '7.60', 'per', 'CTNS', '0.000', '7.60']
['', '', '3.52 OZ X', '6 BAGS X', '', '1 BOX', '6.90', 'CTNS', '', '', '', '0.000', '6.90']
['', '', '', '', '', '', '', '', '', '', '', '', '0.70', '9.2']
['650', 'FD350', "YEO'S SOYBEAN DRINK cans", '', '', '', '2', 'CTNS', '11.00', 'per', 'CTNS', '0.000', '22.00']
['', '', '10 OZ X', '24 CANS', '', '10+1', '9.16', 'CTNS', '', '', '', '0.000', '18.32']
['', '', '', '', '', '', '', '', '', '', '', '', '3.68', '16.7']
['', '', '', '', '', '', '', '', '', '', '', '', '14.60', '30.4']
['810', 'FR310D', 'FR. LEMON GRASS', '', '*32 OZ*', '', '1', 'CTNS', '48.00', 'per', 'CTNS', '0.000', '48.00']
['', '', '', '', '', '', '', '', '', '', '', '', '6.47', '9.7']
['780', 'FR145', 'PAMPANGA BULK SW.SAUSAGE', '', '', '', '1', 'CTNS', '67.00', 'per', 'CTNS', '0.000', '67.00']
['', '', '', '', '', '', '', '', '', '', '', '', '9.20', '10.2']
['740', 'UT610', 'TIGER RICE COOKER', '', '', '4 CUP', '1', 'EACH', '90.00', 'per', 'EACH', '0.000', '90.00']
['', '', '', '', '', '', '', '', '', '', '', '', '5.00', '15.2']
['720', 'FD107I', 'G.NEST BEVERAGE ORIGINAL', '', '', '', '1', 'CTNS', '33.00', 'per', 'CTNS', '0.000', '33.00']
['', '', '', '', '', '', '', '', '', '', '', '', '1.75', '21.9']
['690', 'FD358', "YEO'S SUGAR CANE pbox", '', '', '', '1', 'CTNS', '8.00', 'per CTNS', '', '0.000', '8.00']
['Invoice', '#:', '769310', 'Invoice date:', '09/25/18', 'Customer:', '88A', '88 INTERNATIONAL MARKET', 'Sales rep:', '7']
['730', 'COF102', 'TRUNG NGUYEN COFFEE culi', '', '', '', '1', 'CTNS', '76.00', 'per', 'CTNS', '0.000', '76.00']
['', '', '500G/20 robus', '', '', '', '68.00', 'CTNS', '', '', '', '0.000', '68.00']
['', '', '', '', '', '', '', '', '', '', '', '', '8.00', '10.5']
['740', 'UT610', 'TIGER RICE COOKER', '', '', '4 CUP', '1', 'EACH', '90.00', 'per', 'EACH', '0.000', '90.00']
['', '', 'PIECE', '', '(JNP-0720)', '', '80.80', 'EACH', '', '', '', '0.000', '80.80']
['', '', '', '', '', '', '', '', '', '', '', '', '9.20', '10.2']
['760', 'FR201', 'SUN SQUID TENTACLE-loligo', '', '', '', '1', 'CTNS', '98.00', 'per', 'CTNS', '0.000', '98.00']
['', '', '14z/30 rau muc F0415', '', '', '', '88.50', 'CTNS', '', '', '', '0.000', '88.50']
['', '', '', '', '', '', '', '', '', '', '', '', '9.50', '9.7']
['780', 'FR145', 'PAMPANGA BULK SW.SAUSAGE', '', '', '', '1', 'CTNS', '67.00', 'per', 'CTNS', '0.000', '67.00']
['', '', '24 LBS LONGANISA', '', '', '5010', '60.53', 'CTNS', '', '', '', '0.000', '60.53']
['', '', '', '', '', '', '', '', '', '', '', '', '6.47', '9.7']
['790', 'FR137', 'PAMPANGA SWIFT JUMBO PORK', '', '', '', '1', 'CTNS', '63.00', 'per', 'CTNS', '0.000', '63.00']
['', '', '12 OZ X', '24', '5061', 'HOTDOG', '56.38', 'CTNS', '', '', '', '0.000', '56.38']
['', '', '', '', '', '', '', '', '', '', '', '', '6.62', '10.5']
['810', 'FR310D', 'FR. LEMON GRASS', '', '*32 OZ*', '', '1', 'CTNS', '48.00', 'per', 'CTNS', '0.000', '48.00']
['', '', '32 OZ X', '20B (XA BAM)*LAL*', '', '', '33.40', 'CTNS', '', '', '', '0.000', '33.40']
['', '', '', '', '', '', '', '', '', '', '', '', '14.60', '30.4']
['830', 'FR322', 'WEI-C EGG ROLL SHELL', '', '', '', '1', 'CTNS', '39.00', 'per', 'CTNS', '0.000', '39.00']
['', '', '11 OZ', '(25 PCS) X', '40 BAGS', '', '34.00', 'CTNS', '', '', '', '0.000', '34.00']
['', '', '', '', '', '', '', '', '', '', '', '', '5.00', '12.8']
['', '', '', '', '', '', '', '', '', '', '14.00', '43.8']
['850', 'FR835', 'FR. BANH CANH', '', '*LAL FARM*', '1', 'CTNS', '32.00', 'per CTNS', '0.000', '32.00']
['Invoice', '#:', '769310', 'Invoice date:', '09/25/18', 'Customer:', '88A', '88 INTERNATIONAL MARKET', 'Sales rep:', '7']
['', '', '', '', '', '', '', '', '', '', '8.00', '12.5']
['850', 'FR835', 'FR. BANH CANH', '', '*LAL FARM*', '1', 'CTNS', '32.00', 'per CTNS', '0.000', '32.00']
['', '', '16OZ/24 (TAPIOCA NOODLES)', '', '', '18.00', 'CTNS', '', '', '0.000', '18.00']
['', '', '', '', '', '', '', '', '', '', '14.00', '43.8']
['860', 'UT818', 'PALLET', '', '', '1', 'CTNS', '7.50', 'per CTNS', '0.000', '7.50']
['', '', 'EACH', '', '', '5.75', 'CTNS', '', '', '0.000', '5.75']
['', '', '', '', '', '', '', '', '', '', '1.75', '23.3']
['', '', '', '', '', '', '', '', 'Invoice totals:', '', '2186.35']
['', '', '', '', '', '', '', '', '', '', '1878.66']
['', '', '', '', '', '', '', '', '', '', '307.69', '14.1']
['', '', '', '', '', '', '', '', '', '', '', '', '2.50', '9.4']
['150', 'CO255A', 'GARDEN CHOCOLATE WAFER', '', '', '', '1', 'CTNS', '26.50', 'per', 'CTNS', '0.000', '26.50']
['', '', '', '', '', '', '', '', '', '', '', '', '2.50', '10.6']
['130', 'CO112', 'ANGEL WAFERS', '', '', '', '1', 'CTNS', '23.50', 'per', 'CTNS', '0.000', '23.50']
['', '', '', '', '', '', '', '', '', '', '', '', '50.00', '13.2']
['100', 'PW110', 'ALSA BAKING POWDER (BAGS)', '', '', '', '2', 'CTNS', '190.00', 'per', 'CTNS', '0.000', '380.00']
['', '', '', '', '', '', '', '', '', '', '', '', '9.00', '16.1']
['70', 'BM004', 'B.WHEAT NOODLE STAR BRAND', '', '', '', '1', 'CTNS', '56.00', 'per', 'CTNS', '0.000', '56.00']
['', '', '', '', '', '', '', '', '', '', '', '', '12.00', '7.6']
['20', 'FR827', 'SHRIMP H/O', '', '30/40 CHAMPMAR', '', '1', 'CTNS', '158.00', 'per CTNS', '', '0.000', '158.00']
['Invoice', '#:', '769311', 'Invoice date:', '09/25/18', 'Customer: FAMILYA', 'FAMILY ASIA MARKET', 'Sales rep:', '15']
['80', 'BM005', 'B.RICE STICK (DIAMOND MT)', '', '', '', '3', 'CTNS', '40.00', 'per', 'CTNS', '0.000', '120.00']
['', '', '14 OZ X', '35 BAG', '', '', '33.00', 'CTNS', '', '', '', '0.000', '99.00']
['', '', '', '', '', '', '', '', '', '', '', '', '21.00', '17.5']
['100', 'PW110', 'ALSA BAKING POWDER (BAGS)', '', '', '', '2', 'CTNS', '190.00', 'per', 'CTNS', '0.000', '380.00']
['', '', '10 X', '18 X 8 *FR*', '', '12/2019', '165.00', 'CTNS', '', '', '', '0.000', '330.00']
['', '', '', '', '', '', '', '', '', '', '', '', '50.00', '13.2']
['120', 'CO111', 'RAISIN WAFERS (OJO)', '', '', '', '1', 'CTNS', '23.50', 'per', 'CTNS', '0.000', '23.50']
['', '', '4.2 OZ. X', '', '24 BOXES', '', '21.00', 'CTNS', '', '', '', '0.000', '21.00']
['', '', '', '', '', '', '', '', '', '', '', '', '2.50', '10.6']
['130', 'CO112', 'ANGEL WAFERS', '', '', '', '1', 'CTNS', '23.50', 'per', 'CTNS', '0.000', '23.50']
['', '', '3.7 OZ. X', '', '24 BOXES', '', '21.00', 'CTNS', '', '', '', '0.000', '21.00']
['', '', '', '', '', '', '', '', '', '', '', '', '2.50', '10.6']
['140', 'CO255B', 'GARDEN STRAWBERY WAFER', '', '', '', '1', 'CTNS', '26.50', 'per', 'CTNS', '0.000', '26.50']
['', '', '7 OZ X', '24 BAGS', '', '[G36b]', '24.00', 'CTNS', '', '', '', '0.000', '24.00']
['', '', '', '', '', '', '', '', '', '', '', '', '2.50', '9.4']
['150', 'CO255A', 'GARDEN CHOCOLATE WAFER', '', '', '', '1', 'CTNS', '26.50', 'per', 'CTNS', '0.000', '26.50']
['', '', '7 OZ X', '24 BAGS', '', '[G36b]', '24.00', 'CTNS', '', '', '', '0.000', '24.00']
['', '', '', '', '', '', '', '', '', '', '', '', '2.50', '9.4']
['160', 'CO254', 'GARDEN COCONUT WAFER', '', '', '', '1', 'CTNS', '26.50', 'per', 'CTNS', '0.000', '26.50']
['', '', '7 OZ X', '24 BAGS', '', '[G34b]', '24.00', 'CTNS', '', '', '', '0.000', '24.00']
['', '', '', '', '', '', '', '', '', '', '', '', '2.50', '9.4']
['', '', '', '', '', '', '', '', '', '', '', '10.78', '39.2']
['290', 'FD109D', 'MOGU MOGU STRWBERRY DR.W/', '', '', '2', 'CTNS', '13.75', 'per', 'CTNS', '0.000', '27.50']
['', '', '', '', '', '', '', '', '', '', '', '32.34', '39.2']
['270', 'FD109I', 'MOGU MOGU ORANGE DR. W/', '', '', '6', 'CTNS', '13.75', 'per', 'CTNS', '0.000', '82.50']
['', '', '', '', '', '', '', '', '', '', '', '16.25', '22.0']
['240', 'FD105B', 'FOCO ROAST. COCONUT JUICE', '', '', '5', 'CTNS', '14.75', 'per', 'CTNS', '0.000', '73.75']
['', '', '', '', '', '', '', '', '', '', '', '10.70', '27.1']
['220', 'CO350', 'LOTTE CUSTARD CAKE', '', '*S*', '2', 'CTNS', '19.75', 'per', 'CTNS', '0.000', '39.50']
['', '', '', '', '', '', '', '', '', '', '', '5.00', '13.9']
['190', 'CO246', 'EURO CUSTARD CAKE', '', '', '2', 'CTNS', '18.00', 'per CTNS', '', '0.000', '36.00']
['Invoice', '#:', '769311', 'Invoice date:', '09/25/18', 'Customer: FAMILYA', 'FAMILY ASIA MARKET', 'Sales rep:', '15']
['230', 'CO247A', 'HUP SENG SUGAR CRACKERS', '', '', '1', 'CTNS', '16.00', 'per', 'CTNS', '0.000', '16.00']
['', '', '17.6 OZ X', '12 BAGS', '[H7b]', '13.50', 'CTNS', '', '', '', '0.000', '13.50']
['', '', '', '', '', '', '', '', '', '', '', '2.50', '15.6']
['240', 'FD105B', 'FOCO ROAST. COCONUT JUICE', '', '', '5', 'CTNS', '14.75', 'per', 'CTNS', '0.000', '73.75']
['', '', '11.8 OZ X', '24 CANcrv2', '', '11.50', 'CTNS', '', '', '', '0.000', '57.50']
['', '', '', '', '', '', '', '', '', '', '', '16.25', '22.0']
['250', 'FD105', 'FOCO COCONUT JUICE', '', '11oz', '5', 'CTNS', '13.25', 'per', 'CTNS', '0.000', '66.25']
['', '', '11.8 OZ X', '24 CANcrv', '', '11.48', 'CTNS', '', '', '', '0.000', '57.40']
['', '', '', '', '', '', '', '', '', '', '', '8.85', '13.4']
['270', 'FD109I', 'MOGU MOGU ORANGE DR. W/', '', '', '6', 'CTNS', '13.75', 'per', 'CTNS', '0.000', '82.50']
['', '', '320ML X', '24 NATA COCO', '20+4', '8.36', 'CTNS', '', '', '', '0.000', '50.16']
['', '', '', '', '', '', '', '', '', '', '', '32.34', '39.2']
['280', 'FD109G', 'MOGU MOGU MANGO DR. W/', '', '', '6', 'CTNS', '13.75', 'per', 'CTNS', '0.000', '82.50']
['', '', '320ML X', '24 NATA COCO', '20+4', '8.36', 'CTNS', '', '', '', '0.000', '50.16']
['', '', '', '', '', '', '', '', '', '', '', '32.34', '39.2']
['290', 'FD109D', 'MOGU MOGU STRWBERRY DR.W/', '', '', '2', 'CTNS', '13.75', 'per', 'CTNS', '0.000', '27.50']
['', '', '320ML X', '24 NATA COCO', '20+4', '8.36', 'CTNS', '', '', '', '0.000', '16.72']
['', '', '', '', '', '', '', '', '', '', '', '10.78', '39.2']
['300', 'FD109C', 'MOGU MOGU COCONUT DR. W/', '', '', '6', 'CTNS', '13.75', 'per', 'CTNS', '0.000', '82.50']
['', '', '320ML X', '24 NATA COCO', '20+4', '8.36', 'CTNS', '', '', '', '0.000', '50.16']
['', '', '', '', '', '', '', '', '', '', '', '32.34', '39.2']
['', '', '', '', '', '', '', '', '', '', '', '', '17.55', '19.0']
['460', 'SL100', 'MORTON PLAIN SALT', '', '', '', '5', 'CTNS', '18.50', 'per', 'CTNS', '0.000', '92.50']
['', '', '', '', '', '', '', '', '', '', '', '', '7.50', '10.7']
['440', 'FD106', 'CHAOKOH COCO JUICE W/JELL', '', '', '', '5', 'CTNS', '14.00', 'per', 'CTNS', '0.000', '70.00']
['', '', '', '', '', '', '', '', '', '', '', '', '45.10', '22.6']
['430', 'FD105C', 'FOCO ROAST. COCONUT JUICE', '', '', '', '10', 'CTNS', '20.00', 'per', 'CTNS', '0.000', '200.00']
['', '', '', '', '', '', '', '', '', '', '', '', '92.50', '33.6']
['400', 'PW104B', 'LAL POLOKU MUSHROOM', '', '', '', '5', 'CTNS', '55.00', 'per', 'CTNS', '0.000', '275.00']
['', '', '', '', '', '', '', '', '', '', '', '', '10.40', '23.6']
['340', 'COF161', 'VINA', '3IN1 CAFE', '*20 SACH*', '', '1', 'CTNS', '44.00', 'per CTNS', '', '0.000', '44.00']
['Invoice', '#:', '769311', 'Invoice date:', '09/25/18', 'Customer: FAMILYA', 'FAMILY ASIA MARKET', 'Sales rep:', '15']
['410', 'PW104B', 'LAL POLOKU MUSHROOM', '', '', '', '1', 'CTNS', '0.00', 'per', 'CTNS', '0.000', '0.00']
['', '', '500 G X', '12 BAGS SEASONING', '', '', '36.50', 'CTNS', '', '', '', '0.000', '36.50']
['', '', '', '', '', '', '', '', '', '', '', '', '36.50-', '0.0']
['430', 'FD105C', 'FOCO ROAST. COCONUT JUICE', '', '', '', '10', 'CTNS', '20.00', 'per', 'CTNS', '0.000', '200.00']
['', '', '17.6 OZ/24 CRV002', '', '', '10+1', '15.49', 'CTNS', '', '', '', '0.000', '154.90']
['', '', '', '', '', '', '', '', '', '', '', '', '45.10', '22.6']
['435', 'FD105C', 'FOCO ROAST. COCONUT JUICE', '', '', '', '1', 'CTNS', '0.00', 'per', 'CTNS', '0.000', '0.00']
['', '', '17.6 OZ/24 CRV002', '', '', '10+1', '15.49', 'CTNS', '', '', '', '0.000', '15.49']
['', '', '', '', '', '', '', '', '', '', '', '', '15.49-', '0.0']
['440', 'FD106', 'CHAOKOH COCO JUICE W/JELL', '', '', '', '5', 'CTNS', '14.00', 'per', 'CTNS', '0.000', '70.00']
['', '', '11 OZ/24 CAN JELLY CRV02', '', '', '', '12.50', 'CTNS', '', '', '', '0.000', '62.50']
['', '', '', '', '', '', '', '', '', '', '', '', '7.50', '10.7']
['450', 'TE254', 'SFLOWER JASMINE TEA', '', '', '#1033', '1', 'CTNS', '142.00', 'per', 'CTNS', '0.000', '142.00']
['', '', '16 OZ X', '24 TIN', '', '', '129.00', 'CTNS', '', '', '', '0.000', '129.00']
['', '', '', '', '', '', '', '', '', '', '', '', '13.00', '9.2']
['460', 'SL100', 'MORTON PLAIN SALT', '', '', '', '5', 'CTNS', '18.50', 'per', 'CTNS', '0.000', '92.50']
['', '', '26 OZ X', '24', '', '', '14.99', 'CTNS', '', '', '', '0.000', '74.95']
['', '', '', '', '', '', '', '', '', '', '', '', '17.55', '19.0']
['470', 'SU112', 'C&H SUGAR', '*4 LBS*', '', '', '2', 'CTNS', '22.00', 'per', 'CTNS', '0.000', '44.00']
['', '', '4 LBS X', '10 BAG', '', '[C29]', '18.79', 'CTNS', '', '', '', '0.000', '37.58']
['', '', '', '', '', '', '', '', '', '', '', '', '6.42', '14.6']
['', '', '', '', '', '', '', '', '', '', '1.75', '23.3']
['540', 'UT818', 'PALLET', '', '', '1', 'CTNS', '7.50', 'per CTNS', '0.000', '7.50']
['', '', '', '', '', '', '', '', '', '', '8.00', '16.7']
['520', 'CC150', 'CHEF CHOICE COCONUT', '', '*M*', '2', 'CTNS', '24.00', 'per CTNS', '0.000', '48.00']
['', '', '', '', '', '', '', '', '', '', '17.16', '30.6']
['500', 'FR115B', 'OF TRE VANG WHOLE', '', '800 UP', '1', 'CTNS', '56.10', 'per CTNS', '0.000', '56.10']
['Invoice', '#:', '769311', 'Invoice date:', '09/25/18', 'Customer: FAMILYA', 'FAMILY ASIA MARKET', 'Sales rep:', '15']
['510', 'CC150C', 'CHEF CHOICE COCONUT', '', '*XL*', '3', 'CTNS', '41.00', 'per CTNS', '0.000', '123.00']
['', '', '98 OZ X', '6 CAN MILK', '5LBS', '35.24', 'CTNS', '', '', '0.000', '105.72']
['', '', '', '', '', '', '', '', '', '', '17.28', '14.0']
['520', 'CC150', 'CHEF CHOICE COCONUT', '', '*M*', '2', 'CTNS', '24.00', 'per CTNS', '0.000', '48.00']
['', '', '13.5 OZ X', '24 CAN', 'MILK', '20.00', 'CTNS', '', '', '0.000', '40.00']
['', '', '', '', '', '', '', '', '', '', '8.00', '16.7']
['530', 'DV200', 'LAL COOKING TAMARIND', '', '', '1', 'CTNS', '80.00', 'per CTNS', '0.000', '80.00']
['', '', '14 OZ X', '50 BAGS', '10+1', '49.95', 'CTNS', '', '', '0.000', '49.95']
['', '', '', '', '', '', '', '', '', '', '30.05', '37.6']
['540', 'UT818', 'PALLET', '', '', '1', 'CTNS', '7.50', 'per CTNS', '0.000', '7.50']
['', '', 'EACH', '', '', '5.75', 'CTNS', '', '', '0.000', '5.75']
['', '', '', '', '', '', '', '', '', '', '1.75', '23.3']
['', '', '', '', '', '', '', '', 'Invoice totals:', '', '2846.85']
['', '', '', '', '', '', '', '', '', '', '2371.22']
['', '', '', '', '', '', '', '', '', '', '475.63', '16.7']
['', '', '', '', '', '', '', '', '', '', '', '', '7.00', '9.3']
['140', 'FR488A', 'GP BO VIEN GAN', '', '*JUMBO*', '', '1', 'CTNS', '75.00', 'per', 'CTNS', '0.000', '75.00']
['', '', '', '', '', '', '', '', '', '', '', '', '6.00', '9.1']
['120', 'FR351', 'BMK MEAT BALL W/TENDON', '', '', '', '1', 'CTNS', '66.00', 'per', 'CTNS', '0.000', '66.00']
['', '', '', '', '', '', '', '', '', '', '', '', '7.10', '9.4']
['100', 'TH111', 'TAYHO FRIED PORK SAUSAGE', '', '', '', '1', 'CTNS', '75.50', 'per', 'CTNS', '0.000', '75.50']
['', '', '', '', '', '', '', '', '', '', '', '', '3.90', '9.2']
['60', 'NO234', 'RAMA RICE STICK', '', '16 OZ', '', '1', 'CTNS', '42.40', 'per', 'CTNS', '0.000', '42.40']
['', '', '', '', '', '', '', '', '', '', '', '', '14.75-', '50.9-']
['30', 'FR373A', 'FR. PAN FRIED NOODLE', '', '', '*L*', '1', 'CTNS', '29.00', 'per CTNS', '', '0.000', '29.00']
['Invoice', '#:', '769312', 'Invoice date:', '09/25/18', 'Customer: U006', 'UNIVERSAL FOOD MARKET', 'Sales rep:', '15']
['90', 'TH117', 'TAYHO CHA LUA', '', '12LBS', '$2.70', '1', 'CTNS', '97.20', 'per', 'CTNS', '0.000', '97.20']
['', '', '12 LBS X', '3 CAY', '', '', '88.20', 'CTNS', '', '', '', '0.000', '88.20']
['', '', '', '', '', '', '', '', '', '', '', '', '9.00', '9.3']
['100', 'TH111', 'TAYHO FRIED PORK SAUSAGE', '', '', '', '1', 'CTNS', '75.50', 'per', 'CTNS', '0.000', '75.50']
['', '', '10 OZ X', '24 (doi xa chien)', '', '', '68.40', 'CTNS', '', '', '', '0.000', '68.40']
['', '', '', '', '', '', '', '', '', '', '', '', '7.10', '9.4']
['110', 'GR400A', 'Q-HUONG PORK BALL BBQ', '', '', '2LB', '2', 'CTNS', '62.00', 'per', 'CTNS', '0.000', '124.00']
['', '', '2 LBS/', '10', 'nem nuong', '', '56.00', 'CTNS', '', '', '', '0.000', '112.00']
['', '', '', '', '', '', '', '', '', '', '', '', '12.00', '9.7']
['120', 'FR351', 'BMK MEAT BALL W/TENDON', '', '', '', '1', 'CTNS', '66.00', 'per', 'CTNS', '0.000', '66.00']
['', '', '10 OZ X', '20 BAGS', '', '', '60.00', 'CTNS', '', '', '', '0.000', '60.00']
['', '', '', '', '', '', '', '', '', '', '', '', '6.00', '9.1']
['130', 'FR350', 'BMK MEAT BALL', '', '', '', '1', 'CTNS', '66.00', 'per', 'CTNS', '0.000', '66.00']
['', '', '11 OZ X', '20 BAGS', '', '', '60.00', 'CTNS', '', '', '', '0.000', '60.00']
['', '', '', '', '', '', '', '', '', '', '', '', '6.00', '9.1']
['140', 'FR488A', 'GP BO VIEN GAN', '', '*JUMBO*', '', '1', 'CTNS', '75.00', 'per', 'CTNS', '0.000', '75.00']
['', '', '4.25 LBS X', '4 BAG', '', '', '68.00', 'CTNS', '', '', '', '0.000', '68.00']
['', '', '', '', '', '', '', '', '', '', '', '', '7.00', '9.3']
['150', 'GR301', 'GREAT WALL BEEF TENDON', '', '', '', '1', 'CTNS', '61.00', 'per', 'CTNS', '0.000', '61.00']
['', '', '11 OZ X', '20 (BO VIEN GAN)', '', '', '55.00', 'CTNS', '', '', '', '0.000', '55.00']
['', '', '', '', '', '', '', '', '', '', '', '', '6.00', '9.8']
['', '', '', '', '', '', '', '', '', '', '', '', '', '9.72', '48.6']
['280', 'BN011', '', 'BOT DAU XANH HAT SEN', '', '', '', '1', 'CTNS', '20.00', 'per', 'CTNS', '0.000', '20.00']
['', '', '', '', '', '', '', '', '', '', '', '', '', '48.25', '25.4']
['260', 'DD156', '', 'MIKKO BOT BANH XEO', '', '', '40BAG', '5', 'CTNS', '38.00', 'per', 'CTNS', '0.000', '190.00']
['', '', '', '', '', '', '', '', '', '', '', '', '', '24.40', '42.1']
['240', 'FR182', '', 'OF THIT HEN VIETNAM', '', '', '', '1', 'CTNS', '58.00', 'per', 'CTNS', '0.000', '58.00']
['', '', '', '', '', '', '', '', '', '', '', '', '', '4.70', '9.1']
['190', 'FR308', '', 'FRESH DONUT long (DAU CHA', '', '', '', '1', 'CTNS', '51.50', 'per', 'CTNS', '0.000', '51.50']
['', '', '', '', '', '', '', '', '', '', '', '', '', '14.00', '9.1']
['170', 'FR015', '', 'BEST.FISH TOFU IQF', '', '', '- F/MA', '1', 'CTNS', '154.00', 'per CTNS', '', '0.000', '154.00']
['Invoice', '#:', '769312', 'Invoice date:', '', '09/25/18', '', 'Customer: U006', '', 'UNIVERSAL FOOD MARKET', '', 'Sales rep:', '15']
['220', 'FR600A', '', 'OF STEAMED MACKEREL', '', '', '2PCS', '1', 'CTNS', '84.00', 'per', 'CTNS', '0.000', '84.00']
['', '', '', '7 OZ X', '48', '*VN* CA HAP VI', '', '60.96', 'CTNS', '', '', '', '0.000', '60.96']
['', '', '', '', '', '', '', '', '', '', '', '', '', '23.04', '27.4']
['240', 'FR182', '', 'OF THIT HEN VIETNAM', '', '', '', '1', 'CTNS', '58.00', 'per', 'CTNS', '0.000', '58.00']
['', '', '', '14 OZ X', '30 BABY CLAM MEAT', '', '', '33.60', 'CTNS', '', '', '', '0.000', '33.60']
['', '', '', '', '', '', '', '', '', '', '', '', '', '24.40', '42.1']
['250', 'FR822B', '', 'FR. SQUID W/R U/2', '', '', '*INDIA*', '2', 'CTNS', '198.00', 'per', 'CTNS', '0.000', '396.00']
['', '', '', '44 LBS gradeA', '', '$4.50/LB', '', '145.20', 'CTNS', '', '', '', '0.000', '290.40']
['', '', '', '', '', '', '', '', '', '', '', '', '', '105.60', '26.7']
['260', 'DD156', '', 'MIKKO BOT BANH XEO', '', '', '40BAG', '5', 'CTNS', '38.00', 'per', 'CTNS', '0.000', '190.00']
['', '', '', '17.63 OZ/40 BAGS', '', '', '', '28.35', 'CTNS', '', '', '', '0.000', '141.75']
['', '', '', '', '', '', '', '', '', '', '', '', '', '48.25', '25.4']
['270', 'COF107B', '', 'NESCAFE VIET', '', '2n1', '*DEN BOX', '2', 'CTNS', '50.00', 'per', 'CTNS', '0.000', '100.00']
['', '', '', '240G/24', '', 'EXP:4/10/19', '', '37.28', 'CTNS', '', '', '', '0.000', '74.56']
['', '', '', '', '', '', '', '', '', '', '', '', '', '25.44', '25.4']
['280', 'BN011', '', 'BOT DAU XANH HAT SEN', '', '', '', '1', 'CTNS', '20.00', 'per', 'CTNS', '0.000', '20.00']
['', '', '', '350 G X', '10 BAGS', '', 'BICH CHI', '10.28', 'CTNS', '', '', '', '0.000', '10.28']
['', '', '', '', '', '', '', '', '', '', '', '', '', '9.72', '48.6']
['300', 'NO331', '', 'MAMA TOMYUM NOODLE (BAG)', '', '', '', '3', 'CTNS', '46.00', 'per', 'CTNS', '0.000', '138.00']
['', '', '', '2.1 OZ X', '(6 X', '30)', '', '40.00', 'CTNS', '', '', '', '0.000', '120.00']
['', '', '', '', '', '', '', '', '', '', '', '', '', '18.00', '13.0']
['', '', '', '', '', '', '', '', '', '', '', '', '', '18.00', '9.1']
['420', 'CR114', '', 'KOMODO SHRIMP CHIPS M & S', '', '', '', '2', 'CTN', '99.00', 'per', 'CTN', '0.000', '198.00']
['', '', '', '', '', '', '', '', '', '', '', '', '', '3.50', '9.6']
['400', 'SS109', '', 'SUPER-Q TAU VI YEU', '', '', '*chay*', '1', 'CTNS', '36.50', 'per', 'CTNS', '0.000', '36.50']
['', '', '', '', '', '', '', '', '', '', '', '', '', '3.00', '7.7']
['380', 'SS108', '', 'SUPER-Q VEGE SOY SCE', '', '', '27oz', '1', 'CTNS', '39.00', 'per', 'CTNS', '0.000', '39.00']
['', '', '', '', '', '', '', '', '', '', '', '', '', '5.00', '11.1']
['340', 'SE123', '', 'KADOYA SESAME OIL', '', '', '5.5 OZ', '1', 'CTNS', '45.00', 'per', 'CTNS', '0.000', '45.00']
['', '', '', '', '', '', '', '', '', '', '', '', '', '12.10', '37.8']
['320', 'BS170', '', 'LAL SOUR BBS', '', '4 LBS', '', '2', 'CTNS', '16.00', 'per CTNS', '', '0.000', '32.00']
['Invoice', '#:', '769312', 'Invoice date:', '', '09/25/18', '', 'Customer: U006', '', 'UNIVERSAL FOOD MARKET', '', 'Sales rep:', '15']
['350', 'SE124', '', 'KADOYA SESAME OIL', '', '', '11 OZ', '1', 'CTNS', '38.50', 'per', 'CTNS', '0.000', '38.50']
['', '', '', '11 OZ X', '12 BT', '', '[H23]', '34.80', 'CTNS', '', '', '', '0.000', '34.80']
['', '', '', '', '', '', '', '', '', '', '', '', '', '3.70', '9.6']
['380', 'SS108', '', 'SUPER-Q VEGE SOY SCE', '', '', '27oz', '1', 'CTNS', '39.00', 'per', 'CTNS', '0.000', '39.00']
['', '', '', '27z/12 squareBT V.YEU', '', '', '', '36.00', 'CTNS', '', '', '', '0.000', '36.00']
['', '', '', '', '', '', '', '', '', '', '', '', '', '3.00', '7.7']
['390', 'SS110', '', 'LA. BO DE SOY SAUCE', '', '', '33.8z', '1', 'CTNS', '17.50', 'per', 'CTNS', '0.000', '17.50']
['', '', '', '33.8 OZ X', '12 BT', '', '[F17]', '16.00', 'CTNS', '', '', '', '0.000', '16.00']
['', '', '', '', '', '', '', '', '', '', '', '', '', '1.50', '8.6']
['400', 'SS109', '', 'SUPER-Q TAU VI YEU', '', '', '*chay*', '1', 'CTNS', '36.50', 'per', 'CTNS', '0.000', '36.50']
['', '', '', '33.8 OZ X', '12', '*ROUND PL.BT', '', '33.00', 'CTNS', '', '', '', '0.000', '33.00']
['', '', '', '', '', '', '', '', '', '', '', '', '', '3.50', '9.6']
['410', 'COF109BB', '', 'TRUNG NGUYEN X2 GU', '', '', '3in1', '1', 'CTNS', '53.00', 'per', 'CTNS', '0.000', '53.00']
['', '', '', '6.7 OZ X', '24 BOX MANH', '', '', '36.32', 'CTNS', '', '', '', '0.000', '36.32']
['', '', '', '', '', '', '', '', '', '', '', '', '', '16.68', '31.5']
['420', 'CR114', '', 'KOMODO SHRIMP CHIPS M & S', '', '', '', '2', 'CTN', '99.00', 'per', 'CTN', '0.000', '198.00']
['', '', '', '8 OZ X', '48 BAGS', '', '[H3b]', '90.00', 'CTN', '', '', '', '0.000', '180.00']
['', '', '', '', '', '', '', '', '', '', '', '', '', '18.00', '9.1']
['430', 'DD130', '', 'KTT BOT BANH BEO', '', '', '* A-02', '3', 'CTNS', '32.50', 'per', 'CTNS', '0.000', '97.50']
['', '', '', '12OZ/50 (WHITE RICE CAKE)', '', '', '', '29.50', 'CTNS', '', '', '', '0.000', '88.50']
['', '', '', '', '', '', '', '', '', '', '', '', '', '9.00', '9.2']
['', '', '', '', '', '', '', '', '', '', '', '', '', '8.00', '12.1']
['560', 'SS191', '', 'MAGGI SEASONING SOYSAUCE', '', '', '', '2', 'CTNS', '33.00', 'per', 'CTNS', '0.000', '66.00']
['', '', '', '', '', '', '', '', '', '', '', '', '', '6.00', '7.7']
['540', 'SS220', '', 'BEST SEASONING SAUCE', '', '', '28oz', '2', 'CTNS', '39.00', 'per', 'CTNS', '0.000', '78.00']
['', '', '', '', '', '', '', '', '', '', '', '', '', '14.00', '10.4']
['520', 'SS193', '', 'SWISS MAGGIE SEASONING L', '', '', '', '2', 'CTNS', '67.00', 'per', 'CTNS', '0.000', '134.00']
['', '', '', '', '', '', '', '', '', '', '', '', '', '60.00', '15.2']
['480', 'FD107I', '', 'G.NEST BEVERAGE ORIGINAL', '', '', '', '12', 'CTNS', '33.00', 'per', 'CTNS', '0.000', '396.00']
['', '', '', '', '', '', '', '', '', '', '', '', '', '8.00', '10.0']
['460', 'ED160', '', 'KOEPOE PANDAN LA DUA', '', '', '', '1', 'CTNS', '80.00', 'per CTNS', '', '0.000', '80.00']
['Invoice', '#:', '769312', 'Invoice date:', '', '09/25/18', '', 'Customer: U006', '', 'UNIVERSAL FOOD MARKET', '', 'Sales rep:', '15']
['510', 'FP140', '', 'PANTAI MAM NEM (L)', '', '', '', '1', 'CTNS', '34.00', 'per', 'CTNS', '0.000', '34.00']
['', '', '', '30 OZ X', '12 BT', '', '', '30.00', 'CTNS', '', '', '', '0.000', '30.00']
['', '', '', '', '', '', '', '', '', '', '', '', '', '4.00', '11.8']
['520', 'SS193', '', 'SWISS MAGGIE SEASONING L', '', '', '', '2', 'CTNS', '67.00', 'per', 'CTNS', '0.000', '134.00']
['', '', '', '27 Z/6 BT', '', '[F12] expensive', '', '60.00', 'CTNS', '', '', '', '0.000', '120.00']
['', '', '', '', '', '', '', '', '', '', '', '', '', '14.00', '10.4']
['530', 'SS192', '', 'SWISS MAGGIE SEASONING S', '', '', '', '1', 'CTNS', '82.00', 'per', 'CTNS', '0.000', '82.00']
['', '', '', '6.7 Z/24 BT F13 expensive', '', '', '', '75.00', 'CTNS', '', '', '', '0.000', '75.00']
['', '', '', '', '', '', '', '', '', '', '', '', '', '7.00', '8.5']
['540', 'SS220', '', 'BEST SEASONING SAUCE', '', '', '28oz', '2', 'CTNS', '39.00', 'per', 'CTNS', '0.000', '78.00']
['', '', '', '27 OZ X', '12 BOTTLES', '', '[H25]', '36.00', 'CTNS', '', '', '', '0.000', '72.00']
['', '', '', '', '', '', '', '', '', '', '', '', '', '6.00', '7.7']
['550', 'SS221', '', 'BEST SEASONING SAUCE', '', '', '7oz', '1', 'CTNS', '32.00', 'per', 'CTNS', '0.000', '32.00']
['', '', '', '7 OZ X', '24 BT', '', '[H25]', '29.00', 'CTNS', '', '', '', '0.000', '29.00']
['', '', '', '', '', '', '', '', '', '', '', '', '', '3.00', '9.4']
['560', 'SS191', '', 'MAGGI SEASONING SOYSAUCE', '', '', '', '2', 'CTNS', '33.00', 'per', 'CTNS', '0.000', '66.00']
['', '', '', '27 OZ X', '6 BT', '[F15]', '*L*', '29.00', 'CTNS', '', '', '', '0.000', '58.00']
['', '', '', '', '', '', '', '', '', '', '', '', '', '8.00', '12.1']
['580', 'FP127', '', 'QUE HUONG MAM NEM PHA', '', '', '*L*', '1', 'CTNS', '54.00', 'per', 'CTNS', '0.000', '54.00']
['', '', '', '12 OZ X', '24', '', '[H28]', '49.00', 'CTNS', '', '', '', '0.000', '49.00']
['', '', '', '', '', '', '', '', '', '', '', '', '', '5.00', '9.3']
['', '', '', '', '', '', '', '', '', '', '', '3.00', '11.1']
['680', 'CO358', 'LOTTE CHOCO PIE L', '', '(12 PC)', '2', 'CTNS', '13.50', 'per', 'CTNS', '0.000', '27.00']
['', '', '', '', '', '', '', '', '', '', '', '2.50', '13.9']
['660', 'CO246', 'EURO CUSTARD CAKE', '', '', '1', 'CTNS', '18.00', 'per', 'CTNS', '0.000', '18.00']
['', '', '', '', '', '', '', '', '', '', '', '10.91', '29.5']
['640', 'PW152', 'BAO LONG PHO GA (CHICKEN)', '', '', '1', 'CTNS', '37.00', 'per', 'CTNS', '0.000', '37.00']
['', '', '', '', '', '', '', '', '', '', '', '10.91', '29.5']
['620', 'PW149', 'BAO LONG BO HUE', '*', '', '1', 'CTNS', '37.00', 'per', 'CTNS', '0.000', '37.00']
['', '', '', '', '', '', '', '', '', '', '', '5.00', '9.3']
['600', 'FP128', 'QUE HUONG MAM NEM', '', '**L**', '1', 'CTNS', '54.00', 'per CTNS', '', '0.000', '54.00']
['Invoice', '#:', '769312', 'Invoice date:', '09/25/18', 'Customer: U006', 'UNIVERSAL FOOD MARKET', 'Sales rep:', '15']
['630', 'PW151', 'BAO LONG HOANH THANH', '', '*', '1', 'CTNS', '37.00', 'per', 'CTNS', '0.000', '37.00']
['', '', '144 BOX (WONTON)', '', '*6/7/20', '26.09', 'CTNS', '', '', '', '0.000', '26.09']
['', '', '', '', '', '', '', '', '', '', '', '10.91', '29.5']
['640', 'PW152', 'BAO LONG PHO GA (CHICKEN)', '', '', '1', 'CTNS', '37.00', 'per', 'CTNS', '0.000', '37.00']
['', '', '144 BOX', '*6/7/2020', '', '26.09', 'CTNS', '', '', '', '0.000', '26.09']
['', '', '', '', '', '', '', '', '', '', '', '10.91', '29.5']
['650', 'PW115', 'VANILLA SUGAR', '', '', '1', 'CTNS', '31.00', 'per', 'CTNS', '0.000', '31.00']
['', '', '42 package X', '10 bag', '', '27.30', 'CTNS', '', '', '', '0.000', '27.30']
['', '', '', '', '', '', '', '', '', '', '', '3.70', '11.9']
['660', 'CO246', 'EURO CUSTARD CAKE', '', '', '1', 'CTNS', '18.00', 'per', 'CTNS', '0.000', '18.00']
['', '', '6 PCS X', '12 BOX', '[H11b]', '15.50', 'CTNS', '', '', '', '0.000', '15.50']
['', '', '', '', '', '', '', '', '', '', '', '2.50', '13.9']
['670', 'CO245', 'EURO STRAWBERRY CAKE', '', '', '1', 'CTNS', '18.00', 'per', 'CTNS', '0.000', '18.00']
['', '', '6 PCS X', '12 BOX', '[H12b]', '15.50', 'CTNS', '', '', '', '0.000', '15.50']
['', '', '', '', '', '', '', '', '', '', '', '2.50', '13.9']
['680', 'CO358', 'LOTTE CHOCO PIE L', '', '(12 PC)', '2', 'CTNS', '13.50', 'per', 'CTNS', '0.000', '27.00']
['', '', '28 GM X', '12 PCS X', '8 BOX', '12.00', 'CTNS', '', '', '', '0.000', '24.00']
['', '', '', '', '', '', '', '', '', '', '', '3.00', '11.1']
['690', 'FD153F', 'CHIN-C GREEN TEA jasmine', '', '', '5', 'CTNS', '16.00', 'per', 'CTNS', '0.000', '80.00']
['', '', '17.9 OZ X', '24 BT', 'sweet', '14.30', 'CTNS', '', '', '', '0.000', '71.50']
['', '', '', '', '', '', '', '', '', '', '', '8.50', '10.6']
['', '', '', '', '', '', '', '', '', '', '', '3.50', '23.3']
['780', 'UT818', 'PALLET', '', '', '2', 'CTNS', '7.50', 'per', 'CTNS', '0.000', '15.00']
['', '', '', '', '', '', '', '', '', '', '', '13.00', '10.6']
['760', 'DV227', 'AFC FRESH FU PUI', '', '*S*', '1', 'CTNS', '123.00', 'per', 'CTNS', '0.000', '123.00']
['', '', '', '', '', '', '', '', '', '', '', '10.00', '10.6']
['730', 'MD101', 'TIGER BALM (WHITE)', '', '', '2', 'DOZN', '47.00', 'per', 'DOZN', '0.000', '94.00']
['', '', '', '', '', '', '', '', '', '', '', '16.00', '10.5']
['710', 'COF102', 'TRUNG NGUYEN COFFEE culi', '', '', '2', 'CTNS', '76.00', 'per CTNS', '', '0.000', '152.00']
['Invoice', '#:', '769312', 'Invoice date:', '09/25/18', 'Customer: U006', 'UNIVERSAL FOOD MARKET', 'Sales rep:', '15']
['730', 'MD101', 'TIGER BALM (WHITE)', '', '', '2', 'DOZN', '47.00', 'per', 'DOZN', '0.000', '94.00']
['', '', '0.63 OZ. X', '1 DOZEN', '', '42.00', 'DOZN', '', '', '', '0.000', '84.00']
['', '', '', '', '', '', '', '', '', '', '', '10.00', '10.6']
['740', 'MD100', 'TIGER BALM (RED)', '', '', '2', 'DOZN', '47.00', 'per', 'DOZN', '0.000', '94.00']
['', '', '0.63 OZ. X', '1 DOZEN', '', '42.00', 'DOZN', '', '', '', '0.000', '84.00']
['', '', '', '', '', '', '', '', '', '', '', '10.00', '10.6']
['760', 'DV227', 'AFC FRESH FU PUI', '', '*S*', '1', 'CTNS', '123.00', 'per', 'CTNS', '0.000', '123.00']
['', '', '8 OZ X', '40 BAGS', '', '110.00', 'CTNS', '', '', '', '0.000', '110.00']
['', '', '', '', '', '', '', '', '', '', '', '13.00', '10.6']
['770', 'DV227A', 'AFC FRESH FU PUI', '', '*L*', '1', 'CTNS', '123.00', 'per', 'CTNS', '0.000', '123.00']
['', '', '16 OZ X', '20 BAGS', '', '110.00', 'CTNS', '', '', '', '0.000', '110.00']
['', '', '', '', '', '', '', '', '', '', '', '13.00', '10.6']
['780', 'UT818', 'PALLET', '', '', '2', 'CTNS', '7.50', 'per', 'CTNS', '0.000', '15.00']
['', '', 'EACH', '', '', '5.75', 'CTNS', '', '', '', '0.000', '11.50']
['', '', '', '', '', '', '', '', '', '', '', '3.50', '23.3']
['', '', '', '', '', '', '', '', '', 'Invoice', 'totals:', '5652.60']
['', '', '', '', '', '', '', '', '', '', '', '4904.55']
['', '', '', '', '', '', '', '', '', '', '', '748.05', '13.2']
['', '', '', '', '', '', '', '', '', '', '', '2.50', '8.9']
['120', 'NO145A', 'MEI FF BRAIS CHICKEN NOOD', '', '', '1', 'CTNS', '28.00', 'per', 'CTNS', '0.000', '28.00']
['', '', '', '', '', '', '', '', '', '', '', '4.50', '13.6']
['100', 'NO250', 'KUNG FU ONION NOODLE', '', '', '1', 'BUND', '33.00', 'per', 'BUND', '0.000', '33.00']
['', '', '', '', '', '', '', '', '', '', '', '6.00', '11.8']
['80', 'NO148B', 'GOOD TOMYUM VERMICELLI', '', '', '2', 'CTNS', '25.50', 'per', 'CTNS', '0.000', '51.00']
['', '', '', '', '', '', '', '', '', '', '', '11.80', '14.2']
['50', 'DV224', 'LUCKY C BEANCURD SHEET', '', '', '1', 'CTNS', '83.00', 'per', 'CTNS', '0.000', '83.00']
['', '', '', '', '', '', '', '', '', '', '', '11.00', '26.8']
['20', 'FR341', 'TYJ PASTRY WRAPPER', '', '8"', '1', 'CTNS', '41.00', 'per CTNS', '', '0.000', '41.00']
['Invoice', '#:', '769313', 'Invoice date:', '09/25/18', 'Customer: P009', 'PACIFIC SUPERMARKET', 'Sales rep:', '15']
['70', 'NO238', 'OH RICEY HU TIEU', '', '24 BAG', '2', 'BDL', '31.50', 'per', 'BDL', '0.000', '63.00']
['', '', '24 BAGS X', '3 BOX NAM VANG', '', '27.75', 'BDL', '', '', '', '0.000', '55.50']
['', '', '', '', '', '', '', '', '', '', '', '7.50', '11.9']
['80', 'NO148B', 'GOOD TOMYUM VERMICELLI', '', '', '2', 'CTNS', '25.50', 'per', 'CTNS', '0.000', '51.00']
['', '', '48 BAGS X', '60 G RED', '', '22.50', 'CTNS', '', '', '', '0.000', '45.00']
['', '', '', '', '', '', '', '', '', '', '', '6.00', '11.8']
['90', 'NO251', 'KUNG FU BEEF NOODLE', '', '', '1', 'BUND', '33.00', 'per', 'BUND', '0.000', '33.00']
['', '', '3 OZ X', '30 BAGS X', '3 BOX', '28.50', 'BUND', '', '', '', '0.000', '28.50']
['', '', '', '', '', '', '', '', '', '', '', '4.50', '13.6']
['100', 'NO250', 'KUNG FU ONION NOODLE', '', '', '1', 'BUND', '33.00', 'per', 'BUND', '0.000', '33.00']
['', '', '3 OZ X', '30 BAGS X', '3 BOX', '28.50', 'BUND', '', '', '', '0.000', '28.50']
['', '', '', '', '', '', '', '', '', '', '', '4.50', '13.6']
['110', 'NO145', 'MEI FF TOM YUM NOODLE', '', '', '2', 'CTNS', '28.00', 'per', 'CTNS', '0.000', '56.00']
['', '', '65 G X', '36 BOWL', '[J13]', '25.50', 'CTNS', '', '', '', '0.000', '51.00']
['', '', '', '', '', '', '', '', '', '', '', '5.00', '8.9']
['120', 'NO145A', 'MEI FF BRAIS CHICKEN NOOD', '', '', '1', 'CTNS', '28.00', 'per', 'CTNS', '0.000', '28.00']
['', '', '65 G X', '36 BOWL', '*ORIENTAL*', '25.50', 'CTNS', '', '', '', '0.000', '25.50']
['', '', '', '', '', '', '', '', '', '', '', '2.50', '8.9']
['140', 'BS170', 'LAL SOUR BBS', '4 LBS', '', '2', 'CTNS', '16.00', 'per', 'CTNS', '0.000', '32.00']
['', '', '4 LBS X', '6 BOTTLES', '[A31]', '9.95', 'CTNS', '', '', '', '0.000', '19.90']
['', '', '', '', '', '', '', '', '', '', '', '12.10', '37.8']
['', '', '', '', '', '', '', '', '', '', '6.50', '9.6']
['280', 'KS230', 'SK GIA VI NAU PHO (HOP)', '', '2', 'CTNS', '34.00', 'per', 'CTNS', '0.000', '68.00']
['', '', '', '', '', '', '', '', '', '', '', '', '5.00', '11.9']
['250', 'PA180', 'MAE PLOY RED CURRY', '', '14oz', '', '1', 'CTNS', '42.00', 'per', 'CTNS', '0.000', '42.00']
['', '', '', '', '', '', '', '', '', '', '', '', '31.94', '16.3']
['230', 'PA131', 'PANTAI CRAB PST W/OIL#1', '', '', '', '2', 'CTNS', '98.00', 'per', 'CTNS', '0.000', '196.00']
['', '', '', '', '', '', '', '', '', '', '', '', '29.00', '8.5']
['210', 'SS201', 'KNORR SEASONING SCE', '', '8.5oz', '', '10', 'CTNS', '34.00', 'per', 'CTNS', '0.000', '340.00']
['', '', '', '', '', '', '', '', '', '', '', '', '10.00', '9.3']
['190', 'HL104', 'OX & PALM CORNED BEEF', '', '', '*L*', '1', 'CTNS', '108.00', 'per CTNS', '', '0.000', '108.00']
['Invoice', '#:', '769313', 'Invoice date:', '09/25/18', 'Customer: P009', 'PACIFIC SUPERMARKET', 'Sales rep:', '15']
['220', 'SS155', 'MAEKRUA OYSTER SAUCE', '', '', '*L*', '2', 'CTNS', '22.00', 'per', 'CTNS', '0.000', '44.00']
['', '', '20 OZ X', '12 BT', 'thailand', '', '20.00', 'CTNS', '', '', '', '0.000', '40.00']
['', '', '', '', '', '', '', '', '', '', '', '', '4.00', '9.1']
['230', 'PA131', 'PANTAI CRAB PST W/OIL#1', '', '', '', '2', 'CTNS', '98.00', 'per', 'CTNS', '0.000', '196.00']
['', '', '7 OZ X', '24 BT', '**L**A*', '', '82.03', 'CTNS', '', '', '', '0.000', '164.06']
['', '', '', '', '', '', '', '', '', '', '', '', '31.94', '16.3']
['240', 'PA131A', 'PANTAI CRAB PST W/OIL#2', '', '', '', '2', 'CTNS', '56.00', 'per', 'CTNS', '0.000', '112.00']
['', '', '7 OZ X', '24BT', 'CHEAP', '', '44.24', 'CTNS', '', '', '', '0.000', '88.48']
['', '', '', '', '', '', '', '', '', '', '', '', '23.52', '21.0']
['250', 'PA180', 'MAE PLOY RED CURRY', '', '14oz', '', '1', 'CTNS', '42.00', 'per', 'CTNS', '0.000', '42.00']
['', '', '14 OZ X', '24', '', '[H3]', '37.00', 'CTNS', '', '', '', '0.000', '37.00']
['', '', '', '', '', '', '', '', '', '', '', '', '5.00', '11.9']
['270', 'DD117', 'KTT CARI NI AN DO', '', '', '(16oz)', '2', 'CTNS', '45.00', 'per', 'CTNS', '0.000', '90.00']
['', '', '16OZ/12 CURRY POWDER A-21', '', '40.00', 'CTNS', '', '', '', '0.000', '80.00']
['', '', '', '', '', '', '', '', '', '', '10.00', '11.1']
['280', 'KS230', 'SK GIA VI NAU PHO (HOP)', '', '2', 'CTNS', '34.00', 'per', 'CTNS', '0.000', '68.00']
['', '', '2z/24BX ch.sp. spice G11b', '', '30.75', 'CTNS', '', '', '', '0.000', '61.50']
['', '', '', '', '', '', '', '', '', '', '6.50', '9.6']
['290', 'PW194', 'NOH CH. FRIED RICE MIX', '', '1', 'CTNS', '21.00', 'per', 'CTNS', '0.000', '21.00']
['', '', '1 OZ X', '24 BAGS', '18.36', 'CTNS', '', '', '', '0.000', '18.36']
['', '', '', '', '', '', '', '', '', '', '2.64', '12.6']
['', '', '', '', '', '', '', '', '', '', '', '', '6.00', '23.1']
['420', 'ED141', "HALE'S BLUE BOY", '', '', '*GREEN*', '1', 'CTNS', '26.00', 'per', 'CTNS', '0.000', '26.00']
['', '', '', '', '', '', '', '', '', '', '', '', '7.00', '13.2']
['380', 'CA340', 'NUMBER', '#1', 'PICKLED MANGO', '', '1', 'CTNS', '53.00', 'per', 'CTNS', '0.000', '53.00']
['', '', '', '', '', '', '', '', '', '', '', '', '5.20', '10.0']
['360', 'NT180B', 'NAGARAYA PEANUT (BUTTER', '', '', '', '1', 'CTNS', '52.00', 'per', 'CTNS', '0.000', '52.00']
['', '', '', '', '', '', '', '', '', '', '', '', '7.40', '11.9']
['330', 'PW115', 'VANILLA SUGAR', '', '', '', '2', 'CTNS', '31.00', 'per', 'CTNS', '0.000', '62.00']
['', '', '', '', '', '', '', '', '', '', '', '', '2.64', '12.6']
['310', 'PW203', 'NOH HAWIAN SPICY CHICKEN', '', '', '', '1', 'CTNS', '21.00', 'per CTNS', '', '0.000', '21.00']
['Invoice', '#:', '769313', 'Invoice date:', '09/25/18', 'Customer: P009', 'PACIFIC SUPERMARKET', 'Sales rep:', '15']
['340', 'PW504', 'GC AGAR AGAR POWDER', '', '', '', '1', 'CTNS', '29.00', 'per', 'CTNS', '0.000', '29.00']
['', '', '6 OZ X', '24 BOX', '', '', '26.40', 'CTNS', '', '', '', '0.000', '26.40']
['', '', '', '', '', '', '', '', '', '', '', '', '2.60', '9.0']
['360', 'NT180B', 'NAGARAYA PEANUT (BUTTER', '', '', '', '1', 'CTNS', '52.00', 'per', 'CTNS', '0.000', '52.00']
['', '', '5.6 OZ X', '48', '[H27b] ORIG)', '', '46.80', 'CTNS', '', '', '', '0.000', '46.80']
['', '', '', '', '', '', '', '', '', '', '', '', '5.20', '10.0']
['370', 'CA301', 'SIN-A GINGER CANDY', '', '', '*L*', '1', 'CTNS', '95.00', 'per', 'CTNS', '0.000', '95.00']
['', '', '4.4 OZ X', '80 BAGS', '', '', '85.00', 'CTNS', '', '', '', '0.000', '85.00']
['', '', '', '', '', '', '', '', '', '', '', '', '10.00', '10.5']
['380', 'CA340', 'NUMBER', '#1', 'PICKLED MANGO', '', '1', 'CTNS', '53.00', 'per', 'CTNS', '0.000', '53.00']
['', '', '10.5 OZ X', '', '48 BAGS W/CHILI', '', '46.00', 'CTNS', '', '', '', '0.000', '46.00']
['', '', '', '', '', '', '', '', '', '', '', '', '7.00', '13.2']
['390', 'FD108D', "WONDERFARM BIRD'S NEST", '', '', '', '5', 'CTNS', '14.00', 'per', 'CTNS', '0.000', '70.00']
['', '', '240 ML X', '', '30 CAN W/FUNGUS', '', '12.00', 'CTNS', '', '', '', '0.000', '60.00']
['', '', '', '', '', '', '', '', '', '', '', '', '10.00', '14.3']
['420', 'ED141', "HALE'S BLUE BOY", '', '', '*GREEN*', '1', 'CTNS', '26.00', 'per', 'CTNS', '0.000', '26.00']
['', '', '710 ML. X', '', '12 BOTTLES', '', '20.00', 'CTNS', '', '', '', '0.000', '20.00']
['', '', '', '', '', '', '', '', '', '', '', '', '6.00', '23.1']
['430', 'ED140', "HALE'S BLUE BOY", '', '', '*RED*', '1', 'CTNS', '26.00', 'per', 'CTNS', '0.000', '26.00']
['', '', '710 ML X', '12 BTLS', '', '*SALA*', '22.00', 'CTNS', '', '', '', '0.000', '22.00']
['', '', '', '', '', '', '', '', '', '', '', '', '4.00', '15.4']
['', '', '', '', '', '', '', '', '', '', '12.00', '9.7']
['470', 'GR400A', 'Q-HUONG PORK BALL BBQ', '', '2LB', '2', 'CTNS', '62.00', 'per CTNS', '0.000', '124.00']
['Invoice', '#:', '769313', 'Invoice date:', '09/25/18', 'Customer: P009', 'PACIFIC SUPERMARKET', 'Sales rep:', '15']
['', '', '', '', '', '', '', '', '', '', '9.25', '9.9']
['470', 'GR400A', 'Q-HUONG PORK BALL BBQ', '', '2LB', '2', 'CTNS', '62.00', 'per CTNS', '0.000', '124.00']
['', '', '2 LBS/', '10', 'nem nuong', '56.00', 'CTNS', '', '', '0.000', '112.00']
['', '', '', '', '', '', '', '', '', '', '12.00', '9.7']
['480', 'UT818', 'PALLET', '', '', '1', 'CTNS', '0.00', 'per CTNS', '0.000', '0.00']
['', '', 'EACH', '', '', '5.75', 'CTNS', '', '', '0.000', '5.75']
['', '', '', '', '', '', '', '', '', '', '5.75-', '0.0']
['', '', '', '', '', '', '', '', 'Invoice totals:', '', '2314.00']
['', '', '', '', '', '', '', '', '', '', '2002.03']
['', '', '', '', '', '', '', '', '', '', '311.97', '13.5']
['', '', '', '', '', '', '', '', '', '', '', '7.00', '8.5']
['170', 'SS192', 'SWISS MAGGIE SEASONING S', '', '', '1', 'CTNS', '82.00', 'per', 'CTNS', '0.000', '82.00']
['', '', '', '', '', '', '', '', '', '', '', '8.85', '13.4']
['130', 'FD105', 'FOCO COCONUT JUICE', '', '11oz', '5', 'CTNS', '13.25', 'per', 'CTNS', '0.000', '66.25']
['', '', '', '', '', '', '', '', '', '', '', '3.50', '10.1']
['80', 'MI110', 'PARROT BRAND COND. MILK', '', '', '1', 'CTNS', '34.50', 'per', 'CTNS', '0.000', '34.50']
['', '', '', '', '', '', '', '', '', '', '', '10.91', '29.5']
['60', 'PW153', 'BAO LONG LAU THAI LAN', '', '', '1', 'CTNS', '37.00', 'per', 'CTNS', '0.000', '37.00']
['', '', '', '', '', '', '', '', '', '', '', '6.00', '35.3']
['20', 'FS191', 'LUCKY FISH SAUCE', '', '', '2', 'CTNS', '8.50', 'per CTNS', '', '0.000', '17.00']
['Invoice', '#:', '769314', 'Invoice date:', '09/25/18', 'Customer: L034', 'LLB ASIAN MARKET', 'Sales rep:', '17']
['70', 'MI100', 'LONGEVITY BRAND COND MILK', '', '', '1', 'CTNS', '54.00', 'per', 'CTNS', '0.000', '54.00']
['', '', '14 OZ X', '24 CANS', '[C24]', '50.00', 'CTNS', '', '', '', '0.000', '50.00']
['', '', '', '', '', '', '', '', '', '', '', '4.00', '7.4']
['80', 'MI110', 'PARROT BRAND COND. MILK', '', '', '1', 'CTNS', '34.50', 'per', 'CTNS', '0.000', '34.50']
['', '', '14 OZ X', '24 CANS', '[C26]', '31.00', 'CTNS', '', '', '', '0.000', '31.00']
['', '', '', '', '', '', '', '', '', '', '', '3.50', '10.1']
['120', 'FD370', "YEO'S SOYBEAN DRINK", '', '1L', '5', 'CTNS', '11.00', 'per', 'CTNS', '0.000', '55.00']
['', '', '1 L X', '12 PAPERBOX', '[D18]', '10.00', 'CTNS', '', '', '', '0.000', '50.00']
['', '', '', '', '', '', '', '', '', '', '', '5.00', '9.1']
['130', 'FD105', 'FOCO COCONUT JUICE', '', '11oz', '5', 'CTNS', '13.25', 'per', 'CTNS', '0.000', '66.25']
['', '', '11.8 OZ X', '24 CANcrv', '', '11.48', 'CTNS', '', '', '', '0.000', '57.40']
['', '', '', '', '', '', '', '', '', '', '', '8.85', '13.4']
['140', 'FD109G', 'MOGU MOGU MANGO DR. W/', '', '', '2', 'CTNS', '13.75', 'per', 'CTNS', '0.000', '27.50']
['', '', '320ML X', '24 NATA COCO', '20+4', '8.36', 'CTNS', '', '', '', '0.000', '16.72']
['', '', '', '', '', '', '', '', '', '', '', '10.78', '39.2']
['170', 'SS192', 'SWISS MAGGIE SEASONING S', '', '', '1', 'CTNS', '82.00', 'per', 'CTNS', '0.000', '82.00']
['', '', '6.7 Z/24 BT F13 expensive', '', '', '75.00', 'CTNS', '', '', '', '0.000', '75.00']
['', '', '', '', '', '', '', '', '', '', '', '7.00', '8.5']
['180', 'SE124', 'KADOYA SESAME OIL', '', '11 OZ', '2', 'CTNS', '38.50', 'per', 'CTNS', '0.000', '77.00']
['', '', '11 OZ X', '12 BT', '[H23]', '34.80', 'CTNS', '', '', '', '0.000', '69.60']
['', '', '', '', '', '', '', '', '', '', '', '7.40', '9.6']
['', '', '', '', '', '', '', '', '', '', '', '', '', '15.00', '9.8']
['290', 'PW237', '', 'KNORR CHICKEN BOUILLO MIX', '', '', '2', 'CTNS', '', '76.50', 'per', 'CTNS', '0.000', '153.00']
['', '', '', '', '', '', '', '', '', '', '', '', '', '5.00', '9.4']
['270', 'SS217', '', 'MELY SOY SAUCE', '', '21.9 OZ', '1', 'CTNS', '', '53.00', 'per', 'CTNS', '0.000', '53.00']
['', '', '', '', '', '', '', '', '', '', '', '', '', '12.00', '9.1']
['250', 'HM151', '', 'CALIFORNIA.CHICKEN SAUSAG', '', '', '1', 'CTNS', '', '132.00', 'per', 'CTNS', '0.000', '132.00']
['', '', '', '', '', '', '', '', '', '', '', '', '', '12.00', '9.1']
['230', 'HM152', '', 'CALIFORNIA.PORK SAUSAGE', '', '', '1', 'CTNS', '', '132.00', 'per', 'CTNS', '0.000', '132.00']
['', '', '', '', '', '', '', '', '', '', '', '', '', '3.00', '13.0']
['200', 'CF250', '', 'CHAOKOH COCONUT GEL', '', '', '1', 'CTNS', '', '23.00', 'per CTNS', '', '0.000', '23.00']
['Invoice', '#:', '769314', 'Invoice date:', '', '09/25/18', 'Customer: L034', '', 'LLB ASIAN MARKET', '', '', '', 'Sales rep:', '17']
['240', 'HM152A', '', 'CALIFORNIA.*HOT* PORK', '', '', '1', 'CTNS', '', '132.00', 'per', 'CTNS', '0.000', '132.00']
['', '', '', '16 OZ X', '24 BAG', 'SAUSAGE', '120.00', 'CTNS', '', '', '', '', '0.000', '120.00']
['', '', '', '', '', '', '', '', '', '', '', '', '', '12.00', '9.1']
['250', 'HM151', '', 'CALIFORNIA.CHICKEN SAUSAG', '', '', '1', 'CTNS', '', '132.00', 'per', 'CTNS', '0.000', '132.00']
['', '', '', '16 OZ X', '24 BAGS', '', '120.00', 'CTNS', '', '', '', '', '0.000', '120.00']
['', '', '', '', '', '', '', '', '', '', '', '', '', '12.00', '9.1']
['260', 'SS195', '', 'FRENCH MAGGI SAUCE', '', '*S*', '2', 'CTNS', '', '61.00', 'per', 'CTNS', '0.000', '122.00']
['', '', '', '200 ML X', '12 BOTTLE', '10+1', '49.00', 'CTNS', '', '', '', '', '0.000', '98.00']
['', '', '', '', '', '', '', '', '', '', '', '', '', '24.00', '19.7']
['270', 'SS217', '', 'MELY SOY SAUCE', '', '21.9 OZ', '1', 'CTNS', '', '53.00', 'per', 'CTNS', '0.000', '53.00']
['', '', '', '21.9 OZ X', '12 BT', '[F23]', '48.00', 'CTNS', '', '', '', '', '0.000', '48.00']
['', '', '', '', '', '', '', '', '', '', '', '', '', '5.00', '9.4']
['280', 'CW141', '', 'LC MICHIU RICE COOK WINE', '', '', '4', 'CTNS', '', '20.50', 'per', 'CTNS', '0.000', '82.00']
['', '', '', '3 LITER X', '4 BT', '*GLASS*', '17.50', 'CTNS', '', '', '', '', '0.000', '70.00']
['', '', '', '', '', '', '', '', '', '', '', '', '', '12.00', '14.6']
['290', 'PW237', '', 'KNORR CHICKEN BOUILLO MIX', '', '', '2', 'CTNS', '', '76.50', 'per', 'CTNS', '0.000', '153.00']
['', '', '', '2.2 LBS X', '12 CANS', '', '69.00', 'CTNS', '', '', '', '', '0.000', '138.00']
['', '', '', '', '', '', '', '', '', '', '', '', '', '15.00', '9.8']
['300', 'PW231D', '', 'KNORR PORK BOUILLO MIX', '', '', '1', 'BOX', '', '22.00', 'per', 'BOX', '0.000', '22.00']
['', '', '', '2.5 OZ X', '24 BOX', 'BLUE', '18.18', 'BOX', '', '', '', '', '0.000', '18.18']
['', '', '', '', '', '', '', '', '', '', '', '', '', '3.82', '17.4']
['', '', '', '', '', '', '', '', '', '', '', '', '', '12.00', '9.8']
['350', 'CC132', '', 'CHAOKOH COCONUT MILK', '', '5 LB', '3', 'CTNS', '', '41.00', 'per CTNS', '', '0.000', '123.00']
['', '', '', '', '', '', '', '', '', '', '', '', '', '16.00', '11.4']
['320', 'DD122', '', 'KTT BOT BANH BAO', '', '* A-01', '4', 'CTNS', '', '35.00', 'per CTNS', '', '0.000', '140.00']
['Invoice', '#:', '769314', 'Invoice date:', '', '09/25/18', 'Customer: L034', '', 'LLB ASIAN MARKET', '', '', '', 'Sales rep:', '17']
['', '', '', '', '', '', '', '', '', '', '', '', '', '16.00', '11.4']
['340', 'PW159', '', 'BAO LONG BUN RIEU FLAVOUR', '', '', '1', 'CTNS', '', '37.00', 'per CTNS', '', '0.000', '37.00']
['', '', '', '144 BOX', '', '*6/7/2020', '26.09', 'CTNS', '', '', '', '', '0.000', '26.09']
['', '', '', '', '', '', '', '', '', '', '', '', '', '10.91', '29.5']
['350', 'CC132', '', 'CHAOKOH COCONUT MILK', '', '5 LB', '3', 'CTNS', '', '41.00', 'per CTNS', '', '0.000', '123.00']
['', '', '', '5 LBS X', '6 TIN', '(98 oz)', '37.00', 'CTNS', '', '', '', '', '0.000', '111.00']
['', '', '', '', '', '', '', '', '', '', '', '', '', '12.00', '9.8']
['550', 'UT818', '', 'PALLET', '', '', '1', 'CTNS', '', '7.50', 'per CTNS', '', '0.000', '7.50']
['', '', '', 'EACH', '', '', '5.75', 'CTNS', '', '', '', '', '0.000', '5.75']
['', '', '', '', '', '', '', '', '', '', '', '', '', '1.75', '23.3']
['', '', '', '', '', '', '', '', '', '', '', 'Invoice totals:', '', '1925.25']
['', '', '', '', '', '', '', '', '', '', '', '', '', '1677.33']
['', '', '', '', '', '', '', '', '', '', '', '', '', '247.92', '12.9']
['', '', '', '', '', '', '', '', '', '', '', '', '', '1.75', '23.3']
['70', 'UT818', '', 'PALLET', '', '', '1', 'CTNS', '', '7.50', 'per CTNS', '', '0.000', '7.50']
['', '', '', '', '', '', '', '', '', '', '', '', '', '222.40', '29.7']
['50', 'FR281C', '', 'FR. THV BANH PIA DAU XANH', '', '', '10', 'CTNS', '', '75.00', 'per CTNS', '', '0.000', '750.00']
['Invoice', '#:', '769315', 'Invoice date:', '', '09/25/18', 'Customer: HONG K', '', 'HONG KONG SUPERMARKET', '', '', '', 'Sales rep:', '14']
['50', 'FR281C', '', 'FR. THV BANH PIA DAU XANH', '', '', '10', 'CTNS', '', '75.00', 'per CTNS', '', '0.000', '750.00']
['', '', '', '30 PK', '', 'SAU RIENG', '52.76', 'CTNS', '', '', '', '', '0.000', '527.60']
['', '', '', '', '', '', '', '', '', '', '', '', '', '222.40', '29.7']
['60', 'FR281D', '', 'FR. THV BANH PIA KHOAI', '', '', '5', 'CTNS', '', '75.00', 'per CTNS', '', '0.000', '375.00']
['', '', '', '30PK SAU RIENG & MON', '', '', '52.76', 'CTNS', '', '', '', '', '0.000', '263.80']
['', '', '', '', '', '', '', '', '', '', '', '', '', '111.20', '29.7']
['70', 'UT818', '', 'PALLET', '', '', '1', 'CTNS', '', '7.50', 'per CTNS', '', '0.000', '7.50']
['', '', '', 'EACH', '', '', '5.75', 'CTNS', '', '', '', '', '0.000', '5.75']
['', '', '', '', '', '', '', '', '', '', '', '', '', '1.75', '23.3']
['', '', '', '', '', '', '', '', '', '', '', 'Invoice totals:', '', '2432.50']
['', '', '', '', '', '', '', '', '', '', '', '', '', '1897.15']
['', '', '', '', '', '', '', '', '', '', '', '', '', '535.35', '22.0']
['', '', '', '', '', '', '', '', '', '', '', '', '16.22', '29.0']
['140', 'NO105C', 'SAFOCO EGG NOODLE THIN', '', '', '', '2', 'CTNS', '28.00', 'per', 'CTNS', '0.000', '56.00']
['', '', '', '', '', '', '', '', '', '', '', '', '15.75', '33.9']
['120', 'NO106B', 'SAFOCO RICE MACARONI', '', '', '*L-T', '3', 'CTNS', '15.50', 'per', 'CTNS', '0.000', '46.50']
['', '', '', '', '', '', '', '', '', '', '', '', '12.50', '12.5']
['101', 'CM105', 'SAN ING PEARL CREAM', '', '', '', '5', 'DOZ', '20.00', 'per', 'DOZ', '0.000', '100.00']
['', '', '', '', '', '', '', '', '', '', '16.25', '10.0']
['40', 'KS101', 'SK BOT BANH BOT LOC', '*wet', '5', 'CTNS', '32.50', 'per', 'CTNS', '0.000', '162.50']
['', '', '', '', '', '', '', '', '', '', '3.25', '9.3']
['20', 'KS215', 'SK GIA VI LAM CHAO TOM', '', '1', 'CTNS', '35.00', 'per CTNS', '', '0.000', '35.00']
['Invoice', '#:', '769316', 'Invoice date:', '09/25/18', 'Customer: HONG K', 'HONG KONG SUPERMARKET', 'Sales rep:', '14']
['70', 'CO230B', 'BANH LU PETIT BEURRE', '400G', '5', 'CTNS', '52.00', 'per', 'CTNS', '0.000', '260.00']
['', '', '400g X', '10', '*FRANCE*', "(10'S)", '45.00', 'CTNS', '', '', '', '0.000', '225.00']
['', '', '', '', '', '', '', '', '', '', '', '', '35.00', '13.5']
['101', 'CM105', 'SAN ING PEARL CREAM', '', '', '', '5', 'DOZ', '20.00', 'per', 'DOZ', '0.000', '100.00']
['', '', '.3 OZ X', '12 BOX', '', '(HOA LAN)', '17.50', 'DOZ', '', '', '', '0.000', '87.50']
['', '', '', '', '', '', '', '', '', '', '', '', '12.50', '12.5']
['110', 'NO106C', 'SAFOCO EGG MACARONI', '', '', '*K-SA', '5', 'CTNS', '26.00', 'per', 'CTNS', '0.000', '130.00']
['', '', '500 G X', '', '18 BG nuoi cong', '', '18.81', 'CTNS', '', '', '', '0.000', '94.05']
['', '', '', '', '', '', '', '', '', '', '', '', '35.95', '27.7']
['120', 'NO106B', 'SAFOCO RICE MACARONI', '', '', '*L-T', '3', 'CTNS', '15.50', 'per', 'CTNS', '0.000', '46.50']
['', '', '14 OZ X', '12', '*nui ong lon*', '', '10.25', 'CTNS', '', '', '', '0.000', '30.75']
['', '', '', '', '', '', '', '', '', '', '', '', '15.75', '33.9']
['130', 'NO106A', 'SAFOCO RICE MACRONI K-T', '', '', '', '3', 'CTNS', '17.00', 'per', 'CTNS', '0.000', '51.00']
['', '', '17.6ZX', '', '10 cong short tube', '', '11.06', 'CTNS', '', '', '', '0.000', '33.18']
['', '', '', '', '', '', '', '', '', '', '', '', '17.82', '34.9']
['140', 'NO105C', 'SAFOCO EGG NOODLE THIN', '', '', '', '2', 'CTNS', '28.00', 'per', 'CTNS', '0.000', '56.00']
['', '', '500g X', '20 PK', 'STRING', '*Nsa', '19.89', 'CTNS', '', '', '', '0.000', '39.78']
['', '', '', '', '', '', '', '', '', '', '', '', '16.22', '29.0']
['150', 'NO105D', 'SAFOCO EGG NOODLE THICK', '', '', '', '1', 'CTNS', '28.00', 'per', 'CTNS', '0.000', '28.00']
['', '', '500g X', '20 PK', 'STRING', '*Lsa', '19.89', 'CTNS', '', '', '', '0.000', '19.89']
['', '', '', '', '', '', '', '', '', '', '', '', '8.11', '29.0']
['', '', '', '', '', '', '', '', '', '', '', '', '10.91', '29.5']
['230', 'PW152', 'BAO LONG PHO GA (CHICKEN)', '', '', '', '1', 'CTNS', '37.00', 'per', 'CTNS', '0.000', '37.00']
['', '', '', '', '', '', '', '', '', '', '', '', '98.00', '22.3']
['210', 'COF109A', 'TRUNG NGUYEN COFFE', '', '', '*100ST', '10', 'CTNS', '44.00', 'per', 'CTNS', '0.000', '440.00']
['', '', '', '', '', '', '', '', '', '', '', '', '159.30', '30.6']
['190', 'COF109', 'TRUNG NGUYEN COFFE', '', '*50PK', '', '10', 'CTNS', '52.00', 'per', 'CTNS', '0.000', '520.00']
['', '', '', '', '', '', '', '', '', '', '', '', '36.07-', '0.0']
['170', 'COF109AB', 'TRUNG NGUYEN COFEE', '', '*50PK', '', '1', 'CTNS', '0.00', 'per CTNS', '', '0.000', '0.00']
['Invoice', '#:', '769316', 'Invoice date:', '09/25/18', 'Customer: HONG K', 'HONG KONG SUPERMARKET', 'Sales rep:', '14']
['', '', '', '', '', '', '', '', '', '', '', '', '159.30', '30.6']
['200', 'COF109', 'TRUNG NGUYEN COFFE', '', '*50PK', '', '1', 'CTNS', '0.00', 'per', 'CTNS', '0.000', '0.00']
['', '', '50 SACHS X', '10 EXPORT', '', '10+1', '36.07', 'CTNS', '', '', '', '0.000', '36.07']
['', '', '', '', '', '', '', '', '', '', '', '', '36.07-', '0.0']
['210', 'COF109A', 'TRUNG NGUYEN COFFE', '', '', '*100ST', '10', 'CTNS', '44.00', 'per', 'CTNS', '0.000', '440.00']
['', '', '100 X', '5', '3in1 EXPORT', '', '34.20', 'CTNS', '', '', '', '0.000', '342.00']
['', '', '', '', '', '', '', '', '', '', '', '', '98.00', '22.3']
['220', 'DD157', 'MIKKO BOT CUON', '', '', '', '5', 'CTNS', '42.00', 'per', 'CTNS', '0.000', '210.00']
['', '', '7.7 OZ X', '', '50 BAGS', 'BC-120', '28.35', 'CTNS', '', '', '', '0.000', '141.75']
['', '', '', '', '', '', '', '', '', '', '', '', '68.25', '32.5']
['230', 'PW152', 'BAO LONG PHO GA (CHICKEN)', '', '', '', '1', 'CTNS', '37.00', 'per', 'CTNS', '0.000', '37.00']
['', '', '144 BOX', '', '*6/7/2020', '', '26.09', 'CTNS', '', '', '', '0.000', '26.09']
['', '', '', '', '', '', '', '', '', '', '', '', '10.91', '29.5']
['240', 'UT818', 'PALLET', '', '', '', '1', 'CTNS', '7.50', 'per', 'CTNS', '0.000', '7.50']
['', '', 'EACH', '', '', '', '5.75', 'CTNS', '', '', '', '0.000', '5.75']
['', '', '', '', '', '', '', '', '', '', '', '', '1.75', '23.3']
['', '', '', '', '', '', '', '', '', '', 'Invoice', 'totals:', '3181.50']
['', '', '', '', '', '', '', '', '', '', '', '', '2484.93']
['', '', '', '', '', '', '', '', '', '', '', '', '696.57', '21.9']
['', '', '', '', '', '', '', '', '', '', '', '', '', '', '1.75', '23.3']
['20', 'UT818', '', 'PALLET', '', '', '', '1', 'CTNS', '', '7.50', 'per CTNS', '', '0.000', '7.50']
['Invoice', '#:', '769317', 'Invoice date:', '', '09/25/18', '', 'Customer: S014', '', 'CITY FARMER MARKET', '', '', '', 'Sales rep:', '14']
['10', 'FR710A', '', 'FR. COOK UNPEEL CORN', '', '', '2 PC', '54', 'CTNS', '', '32.00', 'per CTNS', '', '0.000', '1728.00']
['', '', '', '2 PCS X', '30 BG', '*LAL FARM*', '', '22.80', 'CTNS', '', '', '', '', '0.000', '1231.20']
['', '', '', '', '', '', '', '', '', '', '', '', '', '', '496.80', '28.8']
['20', 'UT818', '', 'PALLET', '', '', '', '1', 'CTNS', '', '7.50', 'per CTNS', '', '0.000', '7.50']
['', '', '', 'EACH', '', '', '', '5.75', 'CTNS', '', '', '', '', '0.000', '5.75']
['', '', '', '', '', '', '', '', '', '', '', '', '', '', '1.75', '23.3']
['', '', '', '', '', '', '', '', '', '', '', '', 'Invoice totals:', '', '1735.50']
['', '', '', '', '', '', '', '', '', '', '', '', '', '', '1236.95']
['', '', '', '', '', '', '', '', '', '', '', '', '', '', '498.55', '28.7']
['Invoice', '#:', '769318', 'Invoice date:', '', '09/25/18', '', 'Customer: S014', '', 'CITY FARMER MARKET', '', '', '', 'Sales rep:', '14']
['', '', '', '', '', '', '', '', '', '', '', '', '', '', 'Gross-margin', 'Margin-%']
['40', 'BN011', '', 'BOT DAU XANH HAT SEN', '', '', '', '1', 'CTNS', '', '20.00', 'per CTNS', '', '0.000', '20.00']
['', '', '', '350 G X', '10 BAGS', '', 'BICH CHI', '10.28', 'CTNS', '', '', '', '', '0.000', '10.28']
['', '', '', '', '', '', '', '', '', '', '', '', '', '', '9.72', '48.6']
['', '', '', '', '', '', '', '', '', '', '', '', 'Invoice totals:', '', '20.00']
['', '', '', '', '', '', '', '', '', '', '', '', '', '', '10.28']
['', '', '', '', '', '', '', '', '', '', '', '', '', '', '9.72', '48.6']
['', '', '', '', '', '', '', '', '', '', '', '', '', '', '10.91', '29.5']
['190', 'PW153', '', 'BAO LONG LAU THAI LAN', '', '', '', '1', 'CTNS', '', '37.00', 'per', 'CTNS', '0.000', '37.00']
['', '', '', '', '', '', '', '', '', '', '', '', '', '', '10.91', '29.5']
['170', 'PW151', '', 'BAO LONG HOANH THANH', '', '', '*', '1', 'CTNS', '', '37.00', 'per', 'CTNS', '0.000', '37.00']
['', '', '', '', '', '', '', '', '', '', '', '', '', '', '30.00', '15.4']
['80', 'PW110', '', 'ALSA BAKING POWDER (BAGS)', '', '', '', '1', 'CTNS', '', '195.00', 'per', 'CTNS', '0.000', '195.00']
['', '', '', '', '', '', '', '', '', '', '', '', '', '', '10.00', '26.3']
['60', 'PA143', '', 'LAL GIA VI BUN RIEU CUA', '', '', '', '1', 'CTNS', '', '38.00', 'per', 'CTNS', '0.000', '38.00']
['', '', '', '', '', '', '', '', '', '', '', '', '', '', '15.49-', '0.0']
['30', 'FD105C', '', 'FOCO ROAST. COCONUT JUICE', '', '', '', '1', 'CTNS', '', '0.00', 'per CTNS', '', '0.000', '0.00']
['Invoice', '#:', '769319', 'Invoice date:', '', '09/25/18', '', 'Customer: S017', '', 'CITY FARMER MARKET', '', '', '#6 NEW', 'Sales rep:', '14']
['70', 'PA143AA', '', 'LAL CRAB PASTE W SOYB OIL', '', '', '', '1', 'CTNS', '', '56.00', 'per', 'CTNS', '0.000', '56.00']
['', '', '', '7 OZ X', '24 JARS', '', '', '41.00', 'CTNS', '', '', '', '', '0.000', '41.00']
['', '', '', '', '', '', '', '', '', '', '', '', '', '', '15.00', '26.8']
['80', 'PW110', '', 'ALSA BAKING POWDER (BAGS)', '', '', '', '1', 'CTNS', '', '195.00', 'per', 'CTNS', '0.000', '195.00']
['', '', '', '10 X 18 X', '8', '*FR*', '12/2019', '165.00', 'CTNS', '', '', '', '', '0.000', '165.00']
['', '', '', '', '', '', '', '', '', '', '', '', '', '', '30.00', '15.4']
['110', 'SS190D', '', 'MAGGI SOYSAUCE VN DARK LG', '', '', '', '5', 'CTNS', '', '22.00', 'per', 'CTNS', '0.000', '110.00']
['', '', '', '700ML X', '12 BT', '*DAM DAC*', '', '13.75', 'CTNS', '', '', '', '', '0.000', '68.75']
['', '', '', '', '', '', '', '', '', '', '', '', '', '', '41.25', '37.5']
['170', 'PW151', '', 'BAO LONG HOANH THANH', '', '', '*', '1', 'CTNS', '', '37.00', 'per', 'CTNS', '0.000', '37.00']
['', '', '', '144 BOX (WONTON)', '', '', '*6/7/20', '26.09', 'CTNS', '', '', '', '', '0.000', '26.09']
['', '', '', '', '', '', '', '', '', '', '', '', '', '', '10.91', '29.5']
['180', 'PW161A', '', 'BAO LONG HU TIEU NAM VANG', '', '', '', '2', 'CTNS', '', '37.00', 'per', 'CTNS', '0.000', '74.00']
['', '', '', '144 BOX', '', '*6/7/2020', '', '26.09', 'CTNS', '', '', '', '', '0.000', '52.18']
['', '', '', '', '', '', '', '', '', '', '', '', '', '', '21.82', '29.5']
['190', 'PW153', '', 'BAO LONG LAU THAI LAN', '', '', '', '1', 'CTNS', '', '37.00', 'per', 'CTNS', '0.000', '37.00']
['', '', '', '144 BOX', '*6/7/2020', '', '', '26.09', 'CTNS', '', '', '', '', '0.000', '26.09']
['', '', '', '', '', '', '', '', '', '', '', '', '', '', '10.91', '29.5']
['210', 'PW150A', '', 'BAO LONG RAGU FLAVOR', '', '', '', '0.50', 'CTNS', '', '37.00', 'per', 'CTNS', '0.000', '18.50']
['', '', '', '144 BOX', '*6/7/2020', '', '', '26.09', 'CTNS', '', '', '', '', '0.000', '13.05']
['', '', '', '', '', '', '', '', '', '', '', '', '', '', '5.45', '29.5']
['', '', '', '', '', '', '', '', '', '', '', '', '8.80', '24.4']
['330', 'PA147B', 'LAL GR CHILI & GARLIC OIL', '', '', '', '1', 'CTNS', '36.00', 'per', 'CTNS', '0.000', '36.00']
['', '', '', '', '', '', '', '', '', '', '', '', '7.97', '22.1']
['300', 'PA203', 'POR KWAN FRIED CHILI', '', '', '*HOT', '1', 'CTNS', '36.00', 'per', 'CTNS', '0.000', '36.00']
['', '', '', '', '', '', '', '', '', '', '', '', '43.00', '26.9']
['260', 'PW621A', 'THUAN P SUONG SAO', '', '', '*BLACK*', '2', 'CTNS', '80.00', 'per', 'CTNS', '0.000', '160.00']
['', '', '', '', '', '', '', '', '', '', '', '', '7.28', '28.0']
['240', 'RS104A', 'MY THO BUN TUOI', '', '', '14oz', '1', 'CTNS', '26.00', 'per CTNS', '', '0.000', '26.00']
['Invoice', '#:', '769319', 'Invoice date:', '09/25/18', 'Customer: S017', 'CITY FARMER MARKET', '#6 NEW', 'Sales rep:', '14']
['', '', '', '', '', '', '', '', '', '', '', '', '43.00', '26.9']
['280', 'COF109F', 'NESCAFE', '', '3in1 CAFE DAM DA', '', '1', 'CTNS', '62.00', 'per', 'CTNS', '0.000', '62.00']
['', '', '12 OZ X', '24 BX', '', '*20 SACHS*', '48.94', 'CTNS', '', '', '', '0.000', '48.94']
['', '', '', '', '', '', '', '', '', '', '', '', '13.06', '21.1']
['300', 'PA203', 'POR KWAN FRIED CHILI', '', '', '*HOT', '1', 'CTNS', '36.00', 'per', 'CTNS', '0.000', '36.00']
['', '', '7 OZ X', '24 JAR', '', 'PASTE', '28.03', 'CTNS', '', '', '', '0.000', '28.03']
['', '', '', '', '', '', '', '', '', '', '', '', '7.97', '22.1']
['310', 'PA199A', 'POR KWAN GR CHILI W FRIED', '', '', '', '1', 'CTNS', '31.00', 'per', 'CTNS', '0.000', '31.00']
['', '', '8OZ X', '24', '', 'GARLIC OT SATAY', '24.03', 'CTNS', '', '', '', '0.000', '24.03']
['', '', '', '', '', '', '', '', '', '', '', '', '6.97', '22.5']
['330', 'PA147B', 'LAL GR CHILI & GARLIC OIL', '', '', '', '1', 'CTNS', '36.00', 'per', 'CTNS', '0.000', '36.00']
['', '', '8 OZ X', '24 BT', '', '*OT TOI SATE', '27.20', 'CTNS', '', '', '', '0.000', '27.20']
['', '', '', '', '', '', '', '', '', '', '', '', '8.80', '24.4']
['370', 'UT818', 'PALLET', '', '', '', '1', 'CTNS', '7.50', 'per', 'CTNS', '0.000', '7.50']
['', '', 'EACH', '', '', '', '5.75', 'CTNS', '', '', '', '0.000', '5.75']
['', '', '', '', '', '', '', '', '', '', '', '', '1.75', '23.3']
['', '', '', '', '', '', '', '', '', '', 'Invoice', 'totals:', '1237.50']
['', '', '', '', '', '', '', '', '', '', '', '', '939.44']
['', '', '', '', '', '', '', '', '', '', '', '', '298.06', '24.1']
['', '', '', '', '', '', '', '', '', '', '', '', '48.00', '100.0']
['100', 'BS111B', 'LC WHITE ASPARAGUS SPEARS', '', '', '', '2', 'CTNS', '24.00', 'per', 'CTNS', '0.000', '48.00']
['', '', '', '', '', '', '', '', '', '', '', '', '71.70', '23.5']
['80', 'BS111A', 'NARCISSUS ASPARAGUS', '', '', '*L*', '10', 'EACH', '30.50', 'per', 'CTNS', '0.000', '305.00']
['', '', '', '', '', '', '', '', '', '', '', '', '104.75', '41.9']
['60', 'FR703B', 'FR. GRATED PURPLE YAM', '', '', '14z', '5', 'CTNS', '50.00', 'per', 'CTNS', '0.000', '250.00']
['', '', '', '', '', '', '', '', '', '', '', '', '23.60', '28.8']
['40', 'RP110', 'BANH TRANG MY THO', '', '', '*16CM*', '2', 'CTNS', '41.00', 'per', 'CTNS', '0.000', '82.00']
['', '', '', '', '', '', '', '', '', '', '', '', '7.11', '26.3']
['20', 'NO105B', 'SAFOCO EGG NOODLES', '', '', '*N*', '1', 'CTNS', '27.00', 'per CTNS', '', '0.000', '27.00']
['Invoice', '#:', '769320', 'Invoice date:', '09/26/18', 'Customer: A080', 'ABC SUPERMARKET (Anaheim)', 'Sales rep:', '14']
['50', 'FR710A', 'FR. COOK UNPEEL CORN', '', '', '2 PC', '5', 'CTNS', '30.00', 'per', 'CTNS', '0.000', '150.00']
['', '', '2 PCS X', '30 BG', '*LAL FARM*', '', '22.80', 'CTNS', '', '', '', '0.000', '114.00']
['', '', '', '', '', '', '', '', '', '', '', '', '36.00', '24.0']
['60', 'FR703B', 'FR. GRATED PURPLE YAM', '', '', '14z', '5', 'CTNS', '50.00', 'per', 'CTNS', '0.000', '250.00']
['', '', '14OZ X', '40 BG Khoai Mo Bao', '', '', '29.05', 'CTNS', '', '', '', '0.000', '145.25']
['', '', '', '', '', '', '', '', '', '', '', '', '104.75', '41.9']
['70', 'BS170', 'LAL SOUR BBS', '', '4 LBS', '', '10', 'CTNS', '15.00', 'per', 'CTNS', '0.000', '150.00']
['', '', '4 LBS X', '6 BOTTLES', '', '[A31]', '9.95', 'CTNS', '', '', '', '0.000', '99.50']
['', '', '', '', '', '', '', '', '', '', '', '', '50.50', '33.7']
['80', 'BS111A', 'NARCISSUS ASPARAGUS', '', '', '*L*', '10', 'EACH', '30.50', 'per', 'CTNS', '0.000', '305.00']
['', '', '28.5OZ X', '12', '*L CROWN', '', '23.33', 'EACH', '', '', '', '0.000', '233.30']
['', '', '', '', '', '', '', '', '', '', '', '', '71.70', '23.5']
['90', 'BS111A', 'NARCISSUS ASPARAGUS', '', '', '*L*', '3', 'EACH', '0.00', 'per', 'CTNS', '0.000', '0.00']
['', '', '28.5OZ X', '12', '*L CROWN', '', '23.33', 'EACH', '', '', '', '0.000', '69.99']
['', '', '', '', '', '', '', '', '', '', '', '', '69.99-', '0.0']
['100', 'BS111B', 'LC WHITE ASPARAGUS SPEARS', '', '', '', '2', 'CTNS', '24.00', 'per', 'CTNS', '0.000', '48.00']
['', '', '12z[370ml] X', '', '12 peel', '', '0.00', 'CTNS', '', '', '', '0.000', '0.00']
['', '', '', '', '', '', '', '', '', '', '', '', '48.00', '100.0']
['110', 'COF181', 'CAFE PHO', '', '3IN1 (BOX) WORLD', '', '2', 'CTNS', '137.00', 'per', 'CTNS', '0.000', '274.00']
['', '', '24 GM X', '10S X', '60 BOX', 'CUP', '95.00', 'CTNS', '', '', '', '0.000', '190.00']
['', '', '', '', '', '', '', '', '', '', '', '', '84.00', '30.7']
['', '', '', '', '', '', '', '', '', '', '', '', '', '8.00', '20.0']
['230', 'PA171', '', '2 CHICKEN SHRIMP PASTE-S-', '', '', '', '1', 'CTNS', '40.00', 'per', 'CTNS', '0.000', '40.00']
['', '', '', '', '', '', '', '', '', '', '', '', '', '25.55', '33.2']
['210', 'CI130A', '', 'LAL FRIED CHILI PASTE HOT', '', '', '', '1', 'CTNS', '77.00', 'per', 'CTNS', '0.000', '77.00']
['', '', '', '', '', '', '', '', '', '', '', '', '', '32.60', '40.8']
['170', 'FR315', '', 'FR. LE CHOPPED LEMONGRASS', '', '', '', '2', 'CTNS', '40.00', 'per', 'CTNS', '0.000', '80.00']
['', '', '', '', '', '', '', '', '', '', '', '', '', '50.40', '36.5']
['150', 'FR712', '', 'FR. YOUNG SHRED COCONUT', '', '', '', '3', 'CTNS', '46.00', 'per', 'CTNS', '0.000', '138.00']
['', '', '', '', '', '', '', '', '', '', '', '', '', '45.20', '12.7']
['130', 'FD105C', '', 'FOCO ROAST. COCONUT JUICE', '', '', '', '20', 'CTNS', '17.75', 'per CTNS', '', '0.000', '355.00']
['Invoice', '#:', '769320', 'Invoice date:', '09/26/18', 'Customer: A080', 'ABC SUPERMARKET (Anaheim)', 'Sales rep:', '14']
['160', 'FR708', '', 'FR. VN GRATED COCONUT', '', '', '', '5', 'CTNS', '54.00', 'per', 'CTNS', '0.000', '270.00']
['', '', '16 OZ X', '', '30', 'DUA BAO', '*LAL*', '34.80', 'CTNS', '', '', '', '0.000', '174.00']
['', '', '', '', '', '', '', '', '', '', '', '', '', '96.00', '35.6']
['170', 'FR315', '', 'FR. LE CHOPPED LEMONGRASS', '', '', '', '2', 'CTNS', '40.00', 'per', 'CTNS', '0.000', '80.00']
['', '', '16 OZ X', '', '30 SA BAM', '', '*JARS*', '23.70', 'CTNS', '', '', '', '0.000', '47.40']
['', '', '', '', '', '', '', '', '', '', '', '', '', '32.60', '40.8']
['180', 'FR100', '', 'FR. AROY-D COCONUT DRINK', '', '', '', '3', 'CTNS', '23.00', 'per', 'CTNS', '0.000', '69.00']
['', '', '10.5OZ X', '', '24TN', '10+2', '', '16.00', 'CTNS', '', '', '', '0.000', '48.00']
['', '', '', '', '', '', '', '', '', '', '', '', '', '21.00', '30.4']
['210', 'CI130A', '', 'LAL FRIED CHILI PASTE HOT', '', '', '', '1', 'CTNS', '77.00', 'per', 'CTNS', '0.000', '77.00']
['', '', '14 OZ X', '', '24 JARS', '*THAI*', '', '51.45', 'CTNS', '', '', '', '0.000', '51.45']
['', '', '', '', '', '', '', '', '', '', '', '', '', '25.55', '33.2']
['220', 'PA170', '', '2 CHICKEN SHRIMP PASTE-L-', '', '', '', '1', 'CTNS', '58.00', 'per', 'CTNS', '0.000', '58.00']
['', '', '12 OZ X', '', '24', '', '', '52.00', 'CTNS', '', '', '', '0.000', '52.00']
['', '', '', '', '', '', '', '', '', '', '', '', '', '6.00', '10.3']
['230', 'PA171', '', '2 CHICKEN SHRIMP PASTE-S-', '', '', '', '1', 'CTNS', '40.00', 'per', 'CTNS', '0.000', '40.00']
['', '', '6 OZ X', '', '24', '', '', '32.00', 'CTNS', '', '', '', '0.000', '32.00']
['', '', '', '', '', '', '', '', '', '', '', '', '', '8.00', '20.0']
['240', 'PA143BB', '', 'LAL SHRIMP PASTE SOYB OIL', '', '', '', '2', 'CTNS', '55.00', 'per', 'CTNS', '0.000', '110.00']
['', '', '7 OZ X', '', '24', '*GACH TOM*', '', '41.00', 'CTNS', '', '', '', '0.000', '82.00']
['', '', '', '', '', '', '', '', '', '', '', '', '', '28.00', '25.5']
['', '', '', '', '', '', '', '', '', '', '', '12.00', '50.0']
['360', 'SS190F', 'MAGGI SOYSAUCE VN', '', '*CHILI*', '1', 'CTNS', '24.00', 'per', 'CTNS', '0.000', '24.00']
['', '', '', '', '', '', '', '', '', '', '', '10.00', '45.5']
['340', 'SS190A', 'MAGGI SOY SAUCE VN SMALL', '', '', '1', 'CTNS', '22.00', 'per', 'CTNS', '0.000', '22.00']
['', '', '', '', '', '', '', '', '', '', '', '8.00', '9.5']
['310', 'SE102', 'JASUN SESAME OIL RED', '', '16oz', '2', 'CTNS', '42.00', 'per', 'CTNS', '0.000', '84.00']
['', '', '', '', '', '', '', '', '', '', '', '10.77', '35.9']
['290', 'PA143D', 'POR KWAN GV HU TIEU NAM V', '', '', '1', 'CTNS', '30.00', 'per', 'CTNS', '0.000', '30.00']
['', '', '', '', '', '', '', '', '', '', '', '31.00', '100.0']
['270', 'PA146A', 'POR KWAN GV BO KHO SPICY', '', '', '1', 'CTNS', '31.00', 'per CTNS', '', '0.000', '31.00']
['Invoice', '#:', '769320', 'Invoice date:', '09/26/18', 'Customer: A080', 'ABC SUPERMARKET (Anaheim)', 'Sales rep:', '14']
['300', 'PA113C', 'THAI BOY TOMYUM SOUR', '', '17.5', '1', 'CTNS', '56.00', 'per', 'CTNS', '0.000', '56.00']
['', '', '17.5OZ X', '24 JAR PASTE', '*L*', '0.00', 'CTNS', '', '', '', '0.000', '0.00']
['', '', '', '', '', '', '', '', '', '', '', '56.00', '100.0']
['310', 'SE102', 'JASUN SESAME OIL RED', '', '16oz', '2', 'CTNS', '42.00', 'per', 'CTNS', '0.000', '84.00']
['', '', '16 OZ. X', '12 BOTTLES', '', '38.00', 'CTNS', '', '', '', '0.000', '76.00']
['', '', '', '', '', '', '', '', '', '', '', '8.00', '9.5']
['320', 'SS190E', 'CHIN SU TAM THAI TU', '', '16.9z', '1', 'CTNS', '30.00', 'per', 'CTNS', '0.000', '30.00']
['', '', '16.9 OZ X', '24 BT', '', '14.66', 'CTNS', '', '', '', '0.000', '14.66']
['', '', '', '', '', '', '', '', '', '', '', '15.34', '51.1']
['340', 'SS190A', 'MAGGI SOY SAUCE VN SMALL', '', '', '1', 'CTNS', '22.00', 'per', 'CTNS', '0.000', '22.00']
['', '', '10.5 OZ X', '24 BT', '*YELLOW*', '12.00', 'CTNS', '', '', '', '0.000', '12.00']
['', '', '', '', '', '', '', '', '', '', '', '10.00', '45.5']
['350', 'SS190C', 'MAGGI SOYSAUCE VN DARK SM', '', '', '1', 'CTNS', '23.00', 'per', 'CTNS', '0.000', '23.00']
['', '', '10.5 OZ X', '24', 'DAM DAC', '13.75', 'CTNS', '', '', '', '0.000', '13.75']
['', '', '', '', '', '', '', '', '', '', '', '9.25', '40.2']
['360', 'SS190F', 'MAGGI SOYSAUCE VN', '', '*CHILI*', '1', 'CTNS', '24.00', 'per', 'CTNS', '0.000', '24.00']
['', '', '200ML X', '24 BT', '', '12.00', 'CTNS', '', '', '', '0.000', '12.00']
['', '', '', '', '', '', '', '', '', '', '', '12.00', '50.0']
['370', 'CF161', 'LAL QUAIL EGGS trung cuc', '', '', '1', 'CTNS', '38.00', 'per', 'CTNS', '0.000', '38.00']
['', '', '15 OZ X', '24 CANS', '10+1', '31.00', 'CTNS', '', '', '', '0.000', '31.00']
['', '', '', '', '', '', '', '', '', '', '', '7.00', '18.4']
['', '', '', '', '', '', '', '', '', '', '', '', '74.86-', '0.0']
['490', 'COF109B', 'NESCAFE VIET', '', '3n1', '*SUA DA', '2', 'CTNS', '0.00', 'per', 'CTNS', '0.000', '0.00']
['', '', '', '', '', '', '', '', '', '', '', '', '37.28-', '0.0']
['470', 'COF107B', 'NESCAFE VIET', '', '2n1', '*DEN BOX', '1', 'CTNS', '0.00', 'per', 'CTNS', '0.000', '0.00']
['', '', '', '', '', '', '', '', '', '', '', '', '90.00', '21.2']
['450', 'COF109AA', 'TRUNG NGUYEN COFEE', '', '', '*100ST', '10', 'CTNS', '42.50', 'per', 'CTNS', '0.000', '425.00']
['', '', '', '', '', '', '', '', '', '', '', '', '10.00', '10.0']
['430', 'CO230', 'BANH LU PETIT BEURRE', '', '', '200G', '2', 'CTNS', '50.00', 'per', 'CTNS', '0.000', '100.00']
['', '', '', '', '', '', '', '', '', '', '', '', '10.55', '46.9']
['410', 'FD252', 'LAL BLACK BEAN IN BRINE', '', '', '', '1', 'CTNS', '22.50', 'per CTNS', '', '0.000', '22.50']
['Invoice', '#:', '769320', 'Invoice date:', '09/26/18', 'Customer: A080', 'ABC SUPERMARKET (Anaheim)', 'Sales rep:', '14']
['', '', '', '', '', '', '', '', '', '', '', '', '10.00', '10.0']
['440', 'CO363', 'LOTTE CHOCOPIE GREEN TEA', '', '', '', '2', 'CTNS', '23.25', 'per', 'CTNS', '0.000', '46.50']
['', '', '(12PCS)', '336g X', '8 PACKS', '', '19.20', 'CTNS', '', '', '', '0.000', '38.40']
['', '', '', '', '', '', '', '', '', '', '', '', '8.10', '17.4']
['450', 'COF109AA', 'TRUNG NGUYEN COFEE', '', '', '*100ST', '10', 'CTNS', '42.50', 'per', 'CTNS', '0.000', '425.00']
['', '', '100ST X', '5', '*TH THIET*', '', '33.50', 'CTNS', '', '', '', '0.000', '335.00']
['', '', '', '', '', '', '', '', '', '', '', '', '90.00', '21.2']
['460', 'COF107B', 'NESCAFE VIET', '', '2n1', '*DEN BOX', '5', 'CTNS', '56.40', 'per', 'CTNS', '0.000', '282.00']
['', '', '240G/24', '10+2', '', 'EXP:4/10/19', '37.28', 'CTNS', '', '', '', '0.000', '186.40']
['', '', '', '', '', '', '', '', '', '', '', '', '95.60', '33.9']
['470', 'COF107B', 'NESCAFE VIET', '', '2n1', '*DEN BOX', '1', 'CTNS', '0.00', 'per', 'CTNS', '0.000', '0.00']
['', '', '240G/24', '10+2', '', 'EXP:4/10/19', '37.28', 'CTNS', '', '', '', '0.000', '37.28']
['', '', '', '', '', '', '', '', '', '', '', '', '37.28-', '0.0']
['480', 'COF109B', 'NESCAFE VIET', '', '3n1', '*SUA DA', '10', 'CTNS', '56.40', 'per', 'CTNS', '0.000', '564.00']
['', '', '280G/24 EXP:11/19/19', '', '', '10+2', '37.43', 'CTNS', '', '', '', '0.000', '374.30']
['', '', '', '', '', '', '', '', '', '', '', '', '189.70', '33.6']
['490', 'COF109B', 'NESCAFE VIET', '', '3n1', '*SUA DA', '2', 'CTNS', '0.00', 'per', 'CTNS', '0.000', '0.00']
['', '', '280G/24 EXP:11/19/19', '', '', '10+2', '37.43', 'CTNS', '', '', '', '0.000', '74.86']
['', '', '', '', '', '', '', '', '', '', '', '', '74.86-', '0.0']
['Invoice', '#:', '769320', 'Invoice date:', '', '09/26/18', '', 'Customer: A080', '', '', 'ABC SUPERMARKET (Anaheim)', '', '', '', 'Sales rep:', '', '14']
['Seq# Item/Svc', '', '#', 'Description-1', '', '', '', 'Qty-shipped', '', '', '', 'Unit price', '', '', 'Lin-disc%', '', '', 'Ext-price']
['', '', '', 'Description-2', '', '', '', 'Unit cost', '', '', '', '', '', '', 'Ord-disc%', '', '', 'Ext-cost']
['', '', '', '', '', '', '', '', '', '', '', '', '', '', '', '', '', 'Gross-margin', 'Margin-%']
['', '', '', '', '', '', '', '', '', '', '', '', '', 'Invoice totals:', '', '', '', '4712.00']
['', '', '', '', '', '', '', '', '', '', '', '', '', '', '', '', '', '3455.81']
['', '', '', '', '', '', '', '', '', '', '', '', '', '', '', '', '', '1256.19', '26.7']
['', '', '', '', '', '', '', '', '', '', '', '', '', '', '', '', '', '15.00', '10.4']
['120', 'TL109', '', 'TL BOT KHOAI TINH KHIET', '', '', '', '', '3', 'CTNS', '', '48.00', 'per', 'CTNS', '', '0.000', '', '144.00']
['', '', '', '', '', '', '', '', '', '', '', '', '', '', '', '', '', '80.00', '20.0']
['100', 'FR100', '', 'FR. AROY-D COCONUT DRINK', '', '', '', '', '20', 'CTNS', '', '20.00', 'per', 'CTNS', '', '0.000', '', '400.00']
['', '', '', '', '', '', '', '', '', '', '', '', '', '', '', '', '', '210.00', '9.4']
['80', 'FR326', '', "O'TASTY SPRING ROLL SHELL", '', '', '', '', '70', 'CTNS', '', '32.00', 'per', 'CTNS', '', '0.000', '', '2240.00']
['', '', '', '', '', '', '', '', '', '', '', '', '', '', '', '', '', '3.70', '11.9']
['40', 'PW115', '', 'VANILLA SUGAR', '', '', '', '', '1', 'CTNS', '', '31.00', 'per', 'CTNS', '', '0.000', '', '31.00']
['', '', '', '', '', '', '', '', '', '', '', '', '', '', '', '', '', '6.00', '5.1']
['20', 'PW306C', '', 'KARA COCONUT CREAM', '', '', '1000ML', '', '3', 'CTNS', '', '39.50', 'per CTNS', '', '', '0.000', '', '118.50']
['Invoice', '#:', '769321', 'Invoice date:', '', '09/26/18', '', 'Customer: S037', '', '', 'SL & SONS PRODUCE, INC.', '', '', '', 'Sales rep:', '', '14']
['50', 'SS201', '', 'KNORR SEASONING SCE', '', '', '8.5oz', '', '2', 'CTNS', '', '33.00', 'per', 'CTNS', '', '0.000', '', '66.00']
['', '', '', '250 ML X', '24 BT', '', '', '', '31.10', 'CTNS', '', '', '', '', '', '0.000', '', '62.20']
['', '', '', '', '', '', '', '', '', '', '', '', '', '', '', '', '', '3.80', '5.8']
['80', 'FR326', '', "O'TASTY SPRING ROLL SHELL", '', '', '', '', '70', 'CTNS', '', '32.00', 'per', 'CTNS', '', '0.000', '', '2240.00']
['', '', '', '25 PCS X', '40 BAGS', '', '', '', '29.00', 'CTNS', '', '', '', '', '', '0.000', '', '2030.00']
['', '', '', '', '', '', '', '', '', '', '', '', '', '', '', '', '', '210.00', '9.4']
['90', 'FR385', '', 'MENLO SPRING ROLL WRAPPER', '', '', '', '', '20', 'CTNS', '', '22.50', 'per', 'CTNS', '', '0.000', '', '450.00']
['', '', '', '16 OZ X', '20 BAGS', '', '', '', '19.65', 'CTNS', '', '', '', '', '', '0.000', '', '393.00']
['', '', '', '', '', '', '', '', '', '', '', '', '', '', '', '', '', '57.00', '12.7']
['100', 'FR100', '', 'FR. AROY-D COCONUT DRINK', '', '', '', '', '20', 'CTNS', '', '20.00', 'per', 'CTNS', '', '0.000', '', '400.00']
['', '', '', '10.5OZ X', '24TN', '', '', '', '16.00', 'CTNS', '', '', '', '', '', '0.000', '', '320.00']
['', '', '', '', '', '', '', '', '', '', '', '', '', '', '', '', '', '80.00', '20.0']
['110', 'KS101', '', 'SK BOT BANH BOT LOC', '', '', '*wet', '', '5', 'CTNS', '', '32.50', 'per', 'CTNS', '', '0.000', '', '162.50']
['', '', '', '12 Z/45BG rice roll', '', '', '*02', '', '29.25', 'CTNS', '', '', '', '', '', '0.000', '', '146.25']
['', '', '', '', '', '', '', '', '', '', '', '', '', '', '', '', '', '16.25', '10.0']
['120', 'TL109', '', 'TL BOT KHOAI TINH KHIET', '', '', '', '', '3', 'CTNS', '', '48.00', 'per', 'CTNS', '', '0.000', '', '144.00']
['', '', '', '12 X', '50 potato starch M10', '', '', '', '43.00', 'CTNS', '', '', '', '', '', '0.000', '', '129.00']
['', '', '', '', '', '', '', '', '', '', '', '', '', '', '', '', '', '15.00', '10.4']
['130', 'TL128', '', 'TL CA RI BO', '', '*it cay* M30', '', '', '1', 'CTNS', '', '28.00', 'per', 'CTNS', '', '0.000', '', '28.00']
['', '', '', '2 X', '50 curry powder', '', '', '', '25.00', 'CTNS', '', '', '', '', '', '0.000', '', '25.00']
['', '', '', '', '', '', '', '', '', '', '', '', '', '', '', '', '', '3.00', '10.7']
['Invoice', '#:', '769321', 'Invoice date:', '', '09/26/18', '', 'Customer: S037', '', '', 'SL & SONS PRODUCE, INC.', '', '', '', 'Sales rep:', '', '14']
['Seq# Item/Svc', '', '#', 'Description-1', '', '', '', 'Qty-shipped', '', '', '', 'Unit price', '', '', 'Lin-disc%', '', '', 'Ext-price']
['', '', '', 'Description-2', '', '', '', 'Unit cost', '', '', '', '', '', '', 'Ord-disc%', '', '', 'Ext-cost']
['', '', '', '', '', '', '', '', '', '', '', '', '', '', '', '', '', 'Gross-margin', 'Margin-%']
['', '', '', '', '', '', '', '', '', '', '', '', '', 'Invoice totals:', '', '', '', '6024.80']
['', '', '', '', '', '', '', '', '', '', '', '', '', '', '', '', '', '5138.05']
['', '', '', '', '', '', '', '', '', '', '', '', '', '', '', '', '', '886.75', '14.7']
['', '', '', '', '', '', '', '', '', '', '', '', '', '', '', '', '', '25.25', '24.0']
['150', 'BS240', '', 'LAL BBS TIP TIN', '', '', '*THAI*', '', '5', 'CTNS', '', '21.00', 'per', 'CTNS', '', '0.000', '', '105.00']
['', '', '', '', '', '', '', '', '', '', '', '', '', '', '', '', '', '10.55', '46.9']
['100', 'FD252', '', 'LAL BLACK BEAN IN BRINE', '', '', '', '', '1', 'CTNS', '', '22.50', 'per', 'CTNS', '', '0.000', '', '22.50']
['', '', '', '', '', '', '', '', '', '', '', '', '', '', '', '', '', '20.00', '9.3']
['70', 'HL104', '', 'OX & PALM CORNED BEEF', '', '', '*L*', '', '2', 'CTNS', '', '108.00', 'per', 'CTNS', '', '0.000', '', '216.00']
['', '', '', '', '', '', '', '', '', '', '', '', '', '', '', '', '', '7.11', '26.3']
['50', 'NO105C', '', 'SAFOCO EGG NOODLE THIN', '', '', '', '', '1', 'CTNS', '', '27.00', 'per', 'CTNS', '', '0.000', '', '27.00']
['', '', '', '', '', '', '', '', '', '', '', '', '', '', '', '', '', '15.08', '50.3']
['30', 'PW227', '', 'KNORR GV THIT KHO', '', '', '', '', '1', 'CTNS', '', '30.00', 'per CTNS', '', '', '0.000', '', '30.00']
['Invoice', '#:', '769322', 'Invoice date:', '', '09/26/18', '', 'Customer: H222', '', '', 'HOA BINH GARDEN GROVE', '', '', '', 'Sales rep:', '', '14']
['60', 'RS104A', '', 'MY THO BUN TUOI', '', '14oz', '', '', '1', 'CTNS', '', '26.00', 'per', 'CTNS', '', '0.000', '', '26.00']
['', '', '', '14 OZ X', '30 BG', '', '', '', '18.72', 'CTNS', '', '', '', '', '', '0.000', '', '18.72']
['', '', '', '', '', '', '', '', '', '', '', '', '', '', '', '', '', '7.28', '28.0']
['70', 'HL104', '', 'OX & PALM CORNED BEEF', '', '', '*L*', '', '2', 'CTNS', '', '108.00', 'per', 'CTNS', '', '0.000', '', '216.00']
['', '', '', '15 OZ X', '24', 'CHUNKY', '', '', '98.00', 'CTNS', '', '', '', '', '', '0.000', '', '196.00']
['', '', '', '', '', '', '', '', '', '', '', '', '', '', '', '', '', '20.00', '9.3']
['90', 'FD251', '', 'LAL RED BEAN IN BRINE', '', '', '', '', '1', 'CTNS', '', '22.00', 'per', 'CTNS', '', '0.000', '', '22.00']
['', '', '', '15 OZ X', '24 CANS', '', '[A28]', '', '12.73', 'CTNS', '', '', '', '', '', '0.000', '', '12.73']
['', '', '', '', '', '', '', '', '', '', '', '', '', '', '', '', '', '9.27', '42.1']
['100', 'FD252', '', 'LAL BLACK BEAN IN BRINE', '', '', '', '', '1', 'CTNS', '', '22.50', 'per', 'CTNS', '', '0.000', '', '22.50']
['', '', '', '15 OZ X', '24 CANS', '', '[A27]', '', '11.95', 'CTNS', '', '', '', '', '', '0.000', '', '11.95']
['', '', '', '', '', '', '', '', '', '', '', '', '', '', '', '', '', '10.55', '46.9']
['140', 'FP146', '', 'PAGOLAC MAM NEM PHA SAN', '', '', '', '', '10', 'CTNS', '', '36.00', 'per', 'CTNS', '', '0.000', '', '360.00']
['', '', '', '12.5 OZ X', '12 BT', '', '', '', '32.00', 'CTNS', '', '', '', '', '', '0.000', '', '320.00']
['', '', '', '', '', '', '', '', '', '', '', '', '', '', '', '', '', '40.00', '11.1']
['150', 'BS240', '', 'LAL BBS TIP TIN', '', '', '*THAI*', '', '5', 'CTNS', '', '21.00', 'per', 'CTNS', '', '0.000', '', '105.00']
['', '', '', '44 LBS/ TIN', '', '', '', '', '15.95', 'CTNS', '', '', '', '', '', '0.000', '', '79.75']
['', '', '', '', '', '', '', '', '', '', '', '', '', '', '', '', '', '25.25', '24.0']
['180', 'COF109AA', '', 'TRUNG NGUYEN COFEE', '', '', '*100ST', '', '70', 'CTNS', '', '41.00', 'per', 'CTNS', '', '0.000', '', '2870.00']
['', '', '', '100ST X', '5 *TH THIET*', '', '', '', '33.50', 'CTNS', '', '', '', '', '', '0.000', '', '2345.00']
['', '', '', '', '', '', '', '', '', '', '', '', '', '', '', '', '', '525.00', '18.3']
['', '', '', '', '', '', '', '', '', '', '', '', '', '', '', '', '', '60.00', '10.3']
['210', 'PA170', '', '2 CHICKEN SHRIMP PASTE-L-', '', '', '', '', '10', 'CTNS', '', '58.00', 'per CTNS', '', '', '0.000', '', '580.00']
['Invoice', '#:', '769322', 'Invoice date:', '', '09/26/18', '', 'Customer: H222', '', '', 'HOA BINH GARDEN GROVE', '', '', '', 'Sales rep:', '', '14']
['200', 'BN100', '', 'VINA NGU COC NUTRITION', '', '', '', '', '10', 'CTNS', '', '40.00', 'per CTNS', '', '', '0.000', '', '400.00']
['', '', '', '500GR X', '14bg', 'CEREAL', '', '', '29.50', 'CTNS', '', '', '', '', '', '0.000', '', '295.00']
['', '', '', '', '', '', '', '', '', '', '', '', '', '', '', '', '', '105.00', '26.3']
['210', 'PA170', '', '2 CHICKEN SHRIMP PASTE-L-', '', '', '', '', '10', 'CTNS', '', '58.00', 'per CTNS', '', '', '0.000', '', '580.00']
['', '', '', '12 OZ X', '24', '', '', '', '52.00', 'CTNS', '', '', '', '', '', '0.000', '', '520.00']
['', '', '', '', '', '', '', '', '', '', '', '', '', '', '', '', '', '60.00', '10.3']
['', '', '', '', '', '', '', '', '', '', '', '', '', 'Invoice totals:', '', '', '', '5275.00']
['', '', '', '', '', '', '', '', '', '', '', '', '', '', '', '', '', '4301.19']
['', '', '', '', '', '', '', '', '', '', '', '', '', '', '', '', '', '973.81', '18.5']
['', '', '', '', '', '', '', '', '', '', '', '', '', '', '', '', '', '170.70', '18.0']
['40', 'RS104', '', 'MY THO BUN TUOI DAC BIET', '', '', '', '', '30', 'CTNS', '', '31.68', 'per CTNS', '', '', '0.000', '', '950.40']
['', '', '', '', '', '', '', '', '', '', '', '', '', '', '', '', '', '1273.20', '36.3']
['20', 'COF107B', '', 'NESCAFE VIET', '', '2n1', '*DEN BOX', '', '60', 'CTNS', '', '58.50', 'per CTNS', '', '', '0.000', '', '3510.00']
['Invoice', '#:', '769323', 'Invoice date:', '', '09/26/18', '', 'Customer: H222', '', '', 'HOA BINH GARDEN GROVE', '', '', '', 'Sales rep:', '', '14']
['', '', '', '', '', '', '', '', '', '', '', '', '', '', '', '', '', '1273.20', '36.3']
['30', 'COF107B', '', 'NESCAFE VIET', '', '2n1', '*DEN BOX', '', '18', 'CTNS', '', '0.00', 'per CTNS', '', '', '0.000', '', '0.00']
['', '', '', '240G/24', '10+2', 'EXP:4/10/19', '', '', '37.28', 'CTNS', '', '', '', '', '', '0.000', '', '671.04']
['', '', '', '', '', '', '', '', '', '', '', '', '', '', '', '', '', '671.04-', '0.0']
['40', 'RS104', '', 'MY THO BUN TUOI DAC BIET', '', '', '', '', '30', 'CTNS', '', '31.68', 'per CTNS', '', '', '0.000', '', '950.40']
['', '', '', '2 LBS X', '18 BAG', '', '**10+1**', '', '25.99', 'CTNS', '', '', '', '', '', '0.000', '', '779.70']
['', '', '', '', '', '', '', '', '', '', '', '', '', '', '', '', '', '170.70', '18.0']
['50', 'RS104', '', 'MY THO BUN TUOI DAC BIET', '', '', '', '', '3', 'CTNS', '', '0.00', 'per CTNS', '', '', '0.000', '', '0.00']
['', '', '', '2 LBS X', '18 BAG', '', '**10+1**', '', '25.99', 'CTNS', '', '', '', '', '', '0.000', '', '77.97']
['', '', '', '', '', '', '', '', '', '', '', '', '', '', '', '', '', '77.97-', '0.0']
['', '', '', '', '', '', '', '', '', '', '', '', '', 'Invoice totals:', '', '', '', '5524.40']
['', '', '', '', '', '', '', '', '', '', '', '', '', '', '', '', '', '4535.51']
['', '', '', '', '', '', '', '', '', '', '', '', '', '', '', '', '', '988.89', '17.9']
['', '', '', '', '', '', '', '', '', '', '', '456.60', '22.6']
['40', 'RS104', 'MY THO BUN TUOI DAC BIET', '', '', '', '60', 'CTNS', '33.60', 'per CTNS', '0.000', '2016.00']
['', '', '', '', '', '', '', '', '', '', '', '1162.00', '19.5']
['20', 'COF109A', 'TRUNG NGUYEN COFFE', '', '', '*100ST', '140', 'CTNS', '42.50', 'per CTNS', '0.000', '5950.00']
['Invoice', '#:', '769324', 'Invoice date:', '09/26/18', 'Customer: A111', 'A DONG MARKET', 'Sales rep:', '14']
['', '', '', '', '', '', '', '', '', '', '', '1162.00', '19.5']
['30', 'COF109C', 'TRUNG NGUYEN COFEE', '', '', '*20PK', '56', 'CTNS', '43.00', 'per CTNS', '0.000', '2408.00']
['', '', '20TB X', '24', '3in1', '*TT*', '34.50', 'CTNS', '', '', '0.000', '1932.00']
['', '', '', '', '', '', '', '', '', '', '', '476.00', '19.8']
['40', 'RS104', 'MY THO BUN TUOI DAC BIET', '', '', '', '60', 'CTNS', '33.60', 'per CTNS', '0.000', '2016.00']
['', '', '2 LBS X', '', '18 BAG', '**10+1**', '25.99', 'CTNS', '', '', '0.000', '1559.40']
['', '', '', '', '', '', '', '', '', '', '', '456.60', '22.6']
['50', 'RS104', 'MY THO BUN TUOI DAC BIET', '', '', '', '6', 'CTNS', '0.00', 'per CTNS', '0.000', '0.00']
['', '', '2 LBS X', '', '18 BAG', '**10+1**', '25.99', 'CTNS', '', '', '0.000', '155.94']
['', '', '', '', '', '', '', '', '', '', '', '155.94-', '0.0']
['', '', '', '', '', '', '', '', '', 'Invoice totals:', '', '13975.50']
['', '', '', '', '', '', '', '', '', '', '', '11336.14']
['', '', '', '', '', '', '', '', '', '', '', '2639.36', '18.9']
['', '', '', '', '', '', '', '', '', '', '', '', '', '', '', '', '8.80', '12.1']
['100', 'TO102', '', 'HOUSE SOFT TOFU (GREEN)', '', '', '', '5', 'CTNS', '', '14.60', 'per', 'CTNS', '', '0.000', '', '73.00']
['', '', '', '', '', '', '', '', '', '', '', '', '', '', '', '', '12.00', '9.1']
['80', 'HM152A', '', 'CALIFORNIA.*HOT* PORK', '', '', '', '1', 'CTNS', '', '132.00', 'per', 'CTNS', '', '0.000', '', '132.00']
['', '', '', '', '', '', '', '', '', '', '', '', '', '', '', '', '12.00', '9.1']
['60', 'HM151A', '', 'CALIFORNIA.*HOT* CHICKEN', '', '', '', '1', 'CTNS', '', '132.00', 'per', 'CTNS', '', '0.000', '', '132.00']
['', '', '', '', '', '', '', '', '', '', '', '', '', '', '', '', '11.75', '9.1']
['40', 'NO232', '', 'RAMA PAD THAI NOODLE', '', '', '1 LB', '5', 'CTNS', '', '25.75', 'per', 'CTNS', '', '0.000', '', '128.75']
['', '', '', '', '', '', '', '', '', '', '', '', '', '', '', '', '31.50', '9.1']
['20', 'WK105A', '', 'WOO KEE BANH PHO', '', '', '10 LBS', '45', 'BAGS', '', '7.70', 'per BAGS', '', '', '0.000', '', '346.50']
['Invoice', '#:', '769325', 'Invoice date:', '', '09/25/18', '', 'Customer: K003', '', 'KIM NHUNG SUPERFOOD INC', '', '', '', 'Sales rep:', '', '17']
['50', 'HM151', '', 'CALIFORNIA.CHICKEN SAUSAG', '', '', '', '3', 'CTNS', '', '132.00', 'per', 'CTNS', '', '0.000', '', '396.00']
['', '', '', '16 OZ X', '24 BAGS', '', '', '120.00', 'CTNS', '', '', '', '', '', '0.000', '', '360.00']
['', '', '', '', '', '', '', '', '', '', '', '', '', '', '', '', '36.00', '9.1']
['60', 'HM151A', '', 'CALIFORNIA.*HOT* CHICKEN', '', '', '', '1', 'CTNS', '', '132.00', 'per', 'CTNS', '', '0.000', '', '132.00']
['', '', '', '16 OZ X', '24 BAG', '', 'SAUSAGE', '120.00', 'CTNS', '', '', '', '', '', '0.000', '', '120.00']
['', '', '', '', '', '', '', '', '', '', '', '', '', '', '', '', '12.00', '9.1']
['70', 'HM152', '', 'CALIFORNIA.PORK SAUSAGE', '', '', '', '1', 'CTNS', '', '132.00', 'per', 'CTNS', '', '0.000', '', '132.00']
['', '', '', '16 OZ X', '24 BAG', '', '', '120.00', 'CTNS', '', '', '', '', '', '0.000', '', '120.00']
['', '', '', '', '', '', '', '', '', '', '', '', '', '', '', '', '12.00', '9.1']
['80', 'HM152A', '', 'CALIFORNIA.*HOT* PORK', '', '', '', '1', 'CTNS', '', '132.00', 'per', 'CTNS', '', '0.000', '', '132.00']
['', '', '', '16 OZ X', '24 BAG', '', 'SAUSAGE', '120.00', 'CTNS', '', '', '', '', '', '0.000', '', '120.00']
['', '', '', '', '', '', '', '', '', '', '', '', '', '', '', '', '12.00', '9.1']
['90', 'TO101', '', 'HOUSE MEDIUM FIRM (BLUE)', '', '', '', '5', 'CTNS', '', '14.60', 'per', 'CTNS', '', '0.000', '', '73.00']
['', '', '', '19oz/12 TOFU', '', '', '', '12.84', 'CTNS', '', '', '', '', '', '0.000', '', '64.20']
['', '', '', '', '', '', '', '', '', '', '', '', '', '', '', '', '8.80', '12.1']
['100', 'TO102', '', 'HOUSE SOFT TOFU (GREEN)', '', '', '', '5', 'CTNS', '', '14.60', 'per', 'CTNS', '', '0.000', '', '73.00']
['', '', '', '19oz/12 TOFU', '', '', '', '12.84', 'CTNS', '', '', '', '', '', '0.000', '', '64.20']
['', '', '', '', '', '', '', '', '', '', '', '', '', '', '', '', '8.80', '12.1']
['110', 'TO103', '', 'HOUSE FIRM TOFU (RED)4pcs', '', '', '', '10', 'CTNS', '', '14.60', 'per', 'CTNS', '', '0.000', '', '146.00']
['', '', '', '19oz/12 TOFU', '', '', '', '12.96', 'CTNS', '', '', '', '', '', '0.000', '', '129.60']
['', '', '', '', '', '', '', '', '', '', '', '', '', '', '', '', '16.40', '11.2']
['', '', '', '', '', '', '', '', '', '', '', '', '', '', '', '', '23.60', '18.7']
['250', 'FR298', '', 'HUONG DUYEN MOC TUOI', '', '', '', '1', 'CTNS', '', '126.00', 'per', 'CTNS', '', '0.000', '', '126.00']
['', '', '', '', '', '', '', '', '', '', '', '', '', '', '', '', '67.82', '31.4']
['210', 'FR152', '', 'LAF BA KHIA (AN LIEN)', '', '', '', '2', 'CTNS', '', '108.00', 'per', 'CTNS', '', '0.000', '', '216.00']
['', '', '', '', '', '', '', '', '', '', '', '', '', '', '', '', '15.75', '32.8']
['190', 'FR100A', '', 'LAF CRAB MIX cua dong xay', '', '', '', '1', 'CTNS', '', '48.00', 'per', 'CTNS', '', '0.000', '', '48.00']
['', '', '', '', '', '', '', '', '', '', '', '', '', '', '', '', '12.00', '8.7']
['170', 'FR016', '', 'BEST.WHITE FISH BALL', '', '', '', '1', 'CTNS', '', '138.00', 'per', 'CTNS', '', '0.000', '', '138.00']
['', '', '', '', '', '', '', '', '', '', '', '', '', '', '', '', '60.00', '16.0']
['150', 'COF112', '', "FR. LEE'S COFFEE ORIGINAL", '', '', '', '5', 'CTNS', '', '75.00', 'per CTNS', '', '', '0.000', '', '375.00']
['Invoice', '#:', '769325', 'Invoice date:', '', '09/25/18', '', 'Customer: K003', '', 'KIM NHUNG SUPERFOOD INC', '', '', '', 'Sales rep:', '', '17']
['180', 'FR100', '', 'FR. AROY-D COCONUT DRINK', '', '', '', '1', 'CTNS', '', '24.50', 'per', 'CTNS', '', '0.000', '', '24.50']
['', '', '', '10.5OZ X', '24TN', '10+2', '', '16.00', 'CTNS', '', '', '', '', '', '0.000', '', '16.00']
['', '', '', '', '', '', '', '', '', '', '', '', '', '', '', '', '8.50', '34.7']
['190', 'FR100A', '', 'LAF CRAB MIX cua dong xay', '', '', '', '1', 'CTNS', '', '48.00', 'per', 'CTNS', '', '0.000', '', '48.00']
['', '', '', '12 OZ X', '20 BOX LA FARM', '', '', '32.25', 'CTNS', '', '', '', '', '', '0.000', '', '32.25']
['', '', '', '', '', '', '', '', '', '', '', '', '', '', '', '', '15.75', '32.8']
['200', 'FR108', '', 'DUC KY FISH PASTE', '', '', '*CHA CA', '1', 'CTNS', '', '99.00', 'per', 'CTNS', '', '0.000', '', '99.00']
['', '', '', '13 OZ X', '30 CUP', '', '', '89.10', 'CTNS', '', '', '', '', '', '0.000', '', '89.10']
['', '', '', '', '', '', '', '', '', '', '', '', '', '', '', '', '9.90', '10.0']
['210', 'FR152', '', 'LAF BA KHIA (AN LIEN)', '', '', '', '2', 'CTNS', '', '108.00', 'per', 'CTNS', '', '0.000', '', '216.00']
['', '', '', '14OZX40', '*LAL FARM* YELLOW', '', '', '74.09', 'CTNS', '', '', '', '', '', '0.000', '', '148.18']
['', '', '', '', '', '', '', '', '', '', '', '', '', '', '', '', '67.82', '31.4']
['240', 'FR279', '', 'FR. BANH LA DUA CHUOI DAU', '', '', '', '1', 'CTNS', '', '42.00', 'per', 'CTNS', '', '0.000', '', '42.00']
['', '', '', '6 PC X', '24 BAG', '', '*LAL FARM', '27.60', 'CTNS', '', '', '', '', '', '0.000', '', '27.60']
['', '', '', '', '', '', '', '', '', '', '', '', '', '', '', '', '14.40', '34.3']
['250', 'FR298', '', 'HUONG DUYEN MOC TUOI', '', '', '', '1', 'CTNS', '', '126.00', 'per', 'CTNS', '', '0.000', '', '126.00']
['', '', '', '16Z X', '32 fresh pork paste', '', '', '102.40', 'CTNS', '', '', '', '', '', '0.000', '', '102.40']
['', '', '', '', '', '', '', '', '', '', '', '', '', '', '', '', '23.60', '18.7']
['260', 'FR310C', '', 'FR. LEMON GRASS W/CHILLI', '', '', '', '2', 'CTNS', '', '48.00', 'per', 'CTNS', '', '0.000', '', '96.00']
['', '', '', '16 OZ X', '24 xa ot bam', '', '*LAL', '26.88', 'CTNS', '', '', '', '', '', '0.000', '', '53.76']
['', '', '', '', '', '', '', '', '', '', '', '', '', '', '', '', '42.24', '44.0']
['', '', '', '', '', '', '', '', '', '', '', '', '', '', '6.00', '9.8']
['360', 'GR300', '', 'GREAT WALL BEEF MEAT BALL', '', '', '', '1', 'CTNS', '', '61.00', 'per', 'CTNS', '0.000', '61.00']
['', '', '', '', '', '', '', '', '', '', '', '', '', '', '18.40', '28.8']
['340', 'FR710A', '', 'FR. COOK UNPEEL CORN', '', '', '2 PC', '2', 'CTNS', '', '32.00', 'per', 'CTNS', '0.000', '64.00']
['', '', '', '', '', '', '', '', '', '', '', '', '', '', '10.20', '8.5']
['320', 'FR486', '', 'GP FRESH FEATHERBACK', '', '', '', '2', 'CTNS', '', '60.00', 'per', 'CTNS', '0.000', '120.00']
['', '', '', '', '', '', '', '', '', '', '', '', '', '', '18.00', '9.1']
['300', 'FR351', '', 'BMK MEAT BALL W/TENDON', '', '', '', '3', 'CTNS', '', '66.00', 'per', 'CTNS', '0.000', '198.00']
['', '', '', '', '', '', '', '', '', '', '', '', '', '', '14.80', '41.1']
['280', 'FR312', '', 'LAF PANDAN LEAVE (LA DUA)', '', '', '', '1', 'CTNS', '', '36.00', 'per CTNS', '', '0.000', '36.00']
['Invoice', '#:', '769325', 'Invoice date:', '', '09/25/18', 'Customer: K003', '', '', 'KIM NHUNG SUPERFOOD INC', '', '', 'Sales rep:', '17']
['310', 'FR352', '', 'BMK PORK MEAT BALL', '', '', '', '2', 'CTNS', '', '66.00', 'per', 'CTNS', '0.000', '132.00']
['', '', '', '11 OZ X', '20 BAG', '', '', '60.00', 'CTNS', '', '', '', '', '0.000', '120.00']
['', '', '', '', '', '', '', '', '', '', '', '', '', '', '12.00', '9.1']
['320', 'FR486', '', 'GP FRESH FEATHERBACK', '', '', '', '2', 'CTNS', '', '60.00', 'per', 'CTNS', '0.000', '120.00']
['', '', '', '11 OZ/18', '', 'cha ca that lat', '', '54.90', 'CTNS', '', '', '', '', '0.000', '109.80']
['', '', '', '', '', '', '', '', '', '', '', '', '', '', '10.20', '8.5']
['330', 'FR707A', '', 'FR. KHOAI LAN NHAT', '', '*LAL*', '', '1', 'CTNS', '', '46.00', 'per', 'CTNS', '0.000', '46.00']
['', '', '', '16oz X', '30', '*JAPANESE YAM*', '', '34.02', 'CTNS', '', '', '', '', '0.000', '34.02']
['', '', '', '', '', '', '', '', '', '', '', '', '', '', '11.98', '26.0']
['340', 'FR710A', '', 'FR. COOK UNPEEL CORN', '', '', '2 PC', '2', 'CTNS', '', '32.00', 'per', 'CTNS', '0.000', '64.00']
['', '', '', '2 PCS X', '30 BG', '*LAL FARM*', '', '22.80', 'CTNS', '', '', '', '', '0.000', '45.60']
['', '', '', '', '', '', '', '', '', '', '', '', '', '', '18.40', '28.8']
['350', 'FR835', '', 'FR. BANH CANH', '', '*LAL FARM*', '', '5', 'CTNS', '', '32.00', 'per', 'CTNS', '0.000', '160.00']
['', '', '', '16OZ/24 (TAPIOCA NOODLES)', '', '', '', '18.00', 'CTNS', '', '', '', '', '0.000', '90.00']
['', '', '', '', '', '', '', '', '', '', '', '', '', '', '70.00', '43.8']
['360', 'GR300', '', 'GREAT WALL BEEF MEAT BALL', '', '', '', '1', 'CTNS', '', '61.00', 'per', 'CTNS', '0.000', '61.00']
['', '', '', '11 OZ X', '', '20 (BO VIEN)#311', '', '55.00', 'CTNS', '', '', '', '', '0.000', '55.00']
['', '', '', '', '', '', '', '', '', '', '', '', '', '', '6.00', '9.8']
['370', 'GR301', '', 'GREAT WALL BEEF TENDON', '', '', '', '8', 'CTNS', '', '61.00', 'per', 'CTNS', '0.000', '488.00']
['', '', '', '11 OZ X', '', '20 (BO VIEN GAN)', '', '55.00', 'CTNS', '', '', '', '', '0.000', '440.00']
['', '', '', '', '', '', '', '', '', '', '', '', '', '', '48.00', '9.8']
['', '', '', '', '', '', '', '', '', '', '', '', '', '', '26.40', '15.4']
['470', 'FR114AA', '', 'FR. CUTTLEFISH-clean U1/2', '', '', '', '2', 'CTNS', '', '85.80', 'per', 'CTNS', '0.000', '171.60']
['', '', '', '', '', '', '', '', '', '', '', '', '', '', '24.20', '14.3']
['450', 'FR114', '', 'FR. CUTTLEFISH-clean', '', '', 'U/1', '2', 'CTNS', '', '84.70', 'per', 'CTNS', '0.000', '169.40']
['', '', '', '', '', '', '', '', '', '', '', '', '', '', '54.00', '25.0']
['430', 'FR036', '', 'FISHMONGER SWAI STEAKS', '', '', '', '3', 'CTNS', '', '72.00', 'per', 'CTNS', '0.000', '216.00']
['', '', '', '', '', '', '', '', '', '', '', '', '', '', '35.00', '13.2']
['410', 'FR002B', '', 'FR. BEEF BILE', '', '', '', '5', 'CTNS', '', '53.00', 'per', 'CTNS', '0.000', '265.00']
['', '', '', '', '', '', '', '', '', '', '', '', '', '', '10.00', '11.4']
['390', 'FR002', '', 'FR. BEEF BLOOD', '', '+', '', '2', 'CTNS', '', '44.00', 'per CTNS', '', '0.000', '88.00']
['Invoice', '#:', '769325', 'Invoice date:', '', '09/25/18', 'Customer: K003', '', '', 'KIM NHUNG SUPERFOOD INC', '', '', 'Sales rep:', '17']
['420', 'FR034A', '', 'FR. MACKEREL-SABA', '', "44's", '', '5', 'CTNS', '', '55.01', 'per', 'CTNS', '0.000', '275.05']
['', '', '', '44.01 LBS NORWAY', '', '400-600', '', '40.572', 'CTNS', '', '', '', '', '0.000', '202.86']
['', '', '', '', '', '', '', '', '', '', '', '', '', '', '72.19', '26.2']
['430', 'FR036', '', 'FISHMONGER SWAI STEAKS', '', '', '', '3', 'CTNS', '', '72.00', 'per', 'CTNS', '0.000', '216.00']
['', '', '', '2 LB X', '15 BG', '*BASA KHUC*', '', '54.00', 'CTNS', '', '', '', '', '0.000', '162.00']
['', '', '', '', '', '', '', '', '', '', '', '', '', '', '54.00', '25.0']
['440', 'FR110E', '', 'FR. POMFRET-blk', '', '800-1000', '', '1', 'CTNS', '', '53.90', 'per', 'CTNS', '0.000', '53.90']
['', '', '', '22 LBS', '*TW*', 'ca chim den', '', '41.80', 'CTNS', '', '', '', '', '0.000', '41.80']
['', '', '', '', '', '', '', '', '', '', '', '', '', '', '12.10', '22.4']
['450', 'FR114', '', 'FR. CUTTLEFISH-clean', '', '', 'U/1', '2', 'CTNS', '', '84.70', 'per', 'CTNS', '0.000', '169.40']
['', '', '', '22LBS INDIA muc nang l/s', '', '', '', '72.60', 'CTNS', '', '', '', '', '0.000', '145.20']
['', '', '', '', '', '', '', '', '', '', '', '', '', '', '24.20', '14.3']
['460', 'FR114A', '', 'FR. SQUID TUBE U/5', '', '*CH*', '', '5', 'CTNS', '', '20.00', 'per', 'CTNS', '0.000', '100.00']
['', '', '', '10 LB', '*MUC U/5*', '$2.00/lb.', '', '17.20', 'CTNS', '', '', '', '', '0.000', '86.00']
['', '', '', '', '', '', '', '', '', '', '', '', '', '', '14.00', '14.0']
['470', 'FR114AA', '', 'FR. CUTTLEFISH-clean U1/2', '', '', '', '2', 'CTNS', '', '85.80', 'per', 'CTNS', '0.000', '171.60']
['', '', '', '22LBS INDIA muc nang l/s', '', '', '', '72.60', 'CTNS', '', '', '', '', '0.000', '145.20']
['', '', '', '', '', '', '', '', '', '', '', '', '', '', '26.40', '15.4']
['480', 'FR116H', '', 'FR. CA BAC MA', '', '400/600g', '', '4', 'CTNS', '', '48.40', 'per', 'CTNS', '0.000', '193.60']
['', '', '', '22LBS malaysia W/R IQF', '', '', '', '30.80', 'CTNS', '', '', '', '', '0.000', '123.20']
['', '', '', '', '', '', '', '', '', '', '', '', '', '', '70.40', '36.4']
['', '', '', '', '', '', '', '', '', '', '', '20.00', '9.2']
['590', 'FR501', 'SALTED GORAMI FISH kho ca', '', '', '1', 'CTNS', '218.00', 'per', 'CTNS', '0.000', '218.00']
['', '', '', '', '', '', '', '', '', '', '', '24.40', '42.1']
['570', 'FR182', 'OF THIT HEN VIETNAM', '', '', '1', 'CTNS', '58.00', 'per', 'CTNS', '0.000', '58.00']
['', '', '', '', '', '', '', '', '', '', '', '28.00', '14.3']
['550', 'FR179B', 'OF CA HE TAM GIA VI', '', '1 PCS', '2', 'CTNS', '98.00', 'per', 'CTNS', '0.000', '196.00']
['', '', '', '', '', '', '', '', '', '', '', '19.88', '26.9']
['530', 'FR177', 'OF CA DIEU HONG L/S', '', '*VN', '1', 'CTNS', '74.00', 'per', 'CTNS', '0.000', '74.00']
['', '', '', '', '', '', '', '', '', '', '', '45.29', '9.7']
['510', 'FR145', 'PAMPANGA BULK SW.SAUSAGE', '', '', '7', 'CTNS', '67.00', 'per CTNS', '', '0.000', '469.00']
['Invoice', '#:', '769325', 'Invoice date:', '09/25/18', 'Customer: K003', 'KIM NHUNG SUPERFOOD INC', 'Sales rep:', '17']
['540', 'FR179', 'OF CA HE GIA VI', '', '2 PC', '1', 'CTNS', '123.00', 'per', 'CTNS', '0.000', '123.00']
['', '', '10oz x', '60 MARINATE R-BARB', '', '84.00', 'CTNS', '', '', '', '0.000', '84.00']
['', '', '', '', '', '', '', '', '', '', '', '39.00', '31.7']
['550', 'FR179B', 'OF CA HE TAM GIA VI', '', '1 PCS', '2', 'CTNS', '98.00', 'per', 'CTNS', '0.000', '196.00']
['', '', '33 LB', '1 PC/BAG', '*ME VINH', '84.00', 'CTNS', '', '', '', '0.000', '168.00']
['', '', '', '', '', '', '', '', '', '', '', '28.00', '14.3']
['560', 'FR179BB', 'OF SILVERBARB FISH', '', '', '2', 'CTNS', '82.00', 'per', 'CTNS', '0.000', '164.00']
['', '', '33 LBS', '*CA ME VINH*', '1 PC', '47.19', 'CTNS', '', '', '', '0.000', '94.38']
['', '', '', '', '', '', '', '', '', '', '', '69.62', '42.5']
['570', 'FR182', 'OF THIT HEN VIETNAM', '', '', '1', 'CTNS', '58.00', 'per', 'CTNS', '0.000', '58.00']
['', '', '14 OZ X', '30 BABY CLAM MEAT', '', '33.60', 'CTNS', '', '', '', '0.000', '33.60']
['', '', '', '', '', '', '', '', '', '', '', '24.40', '42.1']
['580', 'FR184B', 'OF GOLDEN POMPANO', '', '*XL*', '25', 'CTNS', '80.00', 'per', 'CTNS', '0.000', '2000.00']
['', '', '40LB', '(90%N.W)', '900/UP*NET*', '64.40', 'CTNS', '', '', '', '0.000', '1610.00']
['', '', '', '', '', '', '', '', '', '', '', '390.00', '19.5']
['590', 'FR501', 'SALTED GORAMI FISH kho ca', '', '', '1', 'CTNS', '218.00', 'per', 'CTNS', '0.000', '218.00']
['', '', '10 OZ X', '40 BAG sac XXL', '2P', '198.00', 'CTNS', '', '', '', '0.000', '198.00']
['', '', '', '', '', '', '', '', '', '', '', '20.00', '9.2']
['600', 'FR821', 'FR. SQUID', '', '3 LB g.pacific', '2', 'CTNS', '82.80', 'per', 'CTNS', '0.000', '165.60']
['', '', '3 LBS X', '12 BOX', '$2.30/LB.', '66.60', 'CTNS', '', '', '', '0.000', '133.20']
['', '', '', '', '', '', '', '', '', '', '', '32.40', '19.6']
['', '', '', '', '', '', '', '', '', '', '', '', '', '', '', '8.60', '35.8']
['690', 'BR104', '', 'LAL FRIED ONION SOUP', '', '', '', '[A14', '1', 'CTNS', '24.00', 'per', 'CTNS', '', '0.000', '24.00']
['', '', '', '', '', '', '', '', '', '', '', '', '', '', '', '74.25', '92.8']
['661', 'UT818', '', 'BACH CUC DU DU BEEF JERKY', '', '', '', '', '1', 'CTNS', '80.00', 'per', 'CTNS', '', '0.000', '80.00']
['', '', '', '', '', '', '', '', '', '', '', '', '', '', '', '15.00', '9.4']
['650', 'BF106', '', 'BACH CUC CURRY BEEF JERKY', '', '', '', '', '1', 'CTNS', '160.00', 'per', 'CTNS', '', '0.000', '160.00']
['', '', '', '', '', '', '', '', '', '', '', '', '', '', '', '10.50', '8.9']
['635', 'TO100', '', 'HOUSE TOFU MIX', '', '02/15/2019', '', '', '1', 'CTNS', '118.00', 'per', 'CTNS', '', '0.000', '118.00']
['', '', '', '', '', '', '', '', '', '', '', '', '', '', '', '114.00', '21.1']
['620', 'FR827C', '', 'SHRIMP H/L S/O', '', '26/30', '', '*EQ*', '3', 'CTNS', '180.00', 'per CTNS', '', '', '0.000', '540.00']
['Invoice', '#:', '769325', 'Invoice date:', '', '09/25/18', '', '', 'Customer: K003', '', 'KIM NHUNG SUPERFOOD INC', '', '', 'Sales rep:', '17']
['640', 'BS240', '', 'LAL BBS TIP TIN', '', '', '*THAI*', '', '8', 'CTNS', '24.00', 'per', 'CTNS', '', '0.000', '192.00']
['', '', '', '44 LBS/ TIN', '', '', '', '', '15.95', 'CTNS', '', '', '', '', '0.000', '127.60']
['', '', '', '', '', '', '', '', '', '', '', '', '', '', '', '64.40', '33.5']
['650', 'BF106', '', 'BACH CUC CURRY BEEF JERKY', '', '', '', '', '1', 'CTNS', '160.00', 'per', 'CTNS', '', '0.000', '160.00']
['', '', '', '8 OZ X', '20 BAGS', '', '', '', '145.00', 'CTNS', '', '', '', '', '0.000', '145.00']
['', '', '', '', '', '', '', '', '', '', '', '', '', '', '', '15.00', '9.4']
['660', 'BF107', '', 'BACH CUC DU DU BEEF JERKY', '', '', '', '', '1', 'CTNS', '160.00', 'per', 'CTNS', '', '0.000', '160.00']
['', '', '', '8 OZ X', '20 BAGS', '', '', '', '145.00', 'CTNS', '', '', '', '', '0.000', '145.00']
['', '', '', '', '', '', '', '', '', '', '', '', '', '', '', '15.00', '9.4']
['661', 'UT818', '', 'BACH CUC DU DU BEEF JERKY', '', '', '', '', '1', 'CTNS', '80.00', 'per', 'CTNS', '', '0.000', '80.00']
['', '', '', '8 OZ X', '10 BAGS', '', '', '', '5.75', 'CTNS', '', '', '', '', '0.000', '5.75']
['', '', '', '', '', '', '', '', '', '', '', '', '', '', '', '74.25', '92.8']
['680', 'BR103', '', 'LAL VEGETABLE BROTH', '', '', '', '', '2', 'CTNS', '24.00', 'per', 'CTNS', '', '0.000', '48.00']
['', '', '', '28 X', '24 SOUP AN CHAY', '', '', '[A5]', '15.40', 'CTNS', '', '', '', '', '0.000', '30.80']
['', '', '', '', '', '', '', '', '', '', '', '', '', '', '', '17.20', '35.8']
['690', 'BR104', '', 'LAL FRIED ONION SOUP', '', '', '', '[A14', '1', 'CTNS', '24.00', 'per', 'CTNS', '', '0.000', '24.00']
['', '', '', '28 OZ/24 HU TIEU NAM VANG', '', '', '', '', '15.40', 'CTNS', '', '', '', '', '0.000', '15.40']
['', '', '', '', '', '', '', '', '', '', '', '', '', '', '', '8.60', '35.8']
['700', 'BR108', '', 'TEMPLE SOUP PHO BAC', '', '', '', '', '2', 'CTNS', '16.50', 'per', 'CTNS', '', '0.000', '33.00']
['', '', '', '30 OZ X', '12 CANNED', '', '', '', '14.95', 'CTNS', '', '', '', '', '0.000', '29.90']
['', '', '', '', '', '', '', '', '', '', '', '', '', '', '', '3.10', '9.4']
['', '', '', '', '', '', '', '', '', '', '', '', '', '', '', '7.50', '19.7']
['930', 'CF226', '', 'LAL TODDY PALM', '', '*WHOLE*', '', '', '1', 'CTNS', '38.00', 'per', 'CTNS', '', '0.000', '38.00']
['', '', '', '', '', '', '', '', '', '', '', '', '', '', '', '14.00', '18.4']
['870', 'CF161', '', 'LAL QUAIL EGGS trung cuc', '', '', '', '', '2', 'CTNS', '38.00', 'per', 'CTNS', '', '0.000', '76.00']
['', '', '', '', '', '', '', '', '', '', '', '', '', '', '', '8.00', '9.2']
['840', 'CF121', '', 'LIGO SQUID', '15oz', '', '', '', '1', 'CTNS', '87.00', 'per', 'CTNS', '', '0.000', '87.00']
['', '', '', '', '', '', '', '', '', '', '', '', '', '', '', '9.50-', '0.0']
['800', 'CC140', '', 'LAL COCONUT JUICE', '', '', '10+1', '', '1', 'CTNS', '0.00', 'per', 'CTNS', '', '0.000', '0.00']
['', '', '', '', '', '', '', '', '', '', '', '', '', '', '', '4.00', '10.8']
['780', 'CC120', '', 'MAE PLOY COCONUT CREAM', '', '', '', '', '1', 'CTNS', '37.00', 'per CTNS', '', '', '0.000', '37.00']
['Invoice', '#:', '769325', 'Invoice date:', '', '09/25/18', '', '', 'Customer: K003', '', 'KIM NHUNG SUPERFOOD INC', '', '', 'Sales rep:', '17']
['810', 'CC150', '', 'CHEF CHOICE COCONUT', '', '', '', '*M*', '10', 'CTNS', '24.00', 'per', 'CTNS', '', '0.000', '240.00']
['', '', '', '13.5 OZ X', '24 CAN', '', 'MILK', '', '20.00', 'CTNS', '', '', '', '', '0.000', '200.00']
['', '', '', '', '', '', '', '', '', '', '', '', '', '', '', '40.00', '16.7']
['840', 'CF121', '', 'LIGO SQUID', '15oz', '', '', '', '1', 'CTNS', '87.00', 'per', 'CTNS', '', '0.000', '87.00']
['', '', '', '15 OZ X', '48 CANS', '', '', '', '79.00', 'CTNS', '', '', '', '', '0.000', '79.00']
['', '', '', '', '', '', '', '', '', '', '', '', '', '', '', '8.00', '9.2']
['860', 'CF160', '', 'LAL BANANA BLOSSOM', '', '', '', '', '1', 'CTNS', '26.00', 'per', 'CTNS', '', '0.000', '26.00']
['', '', '', '18 OZ X', '24 CANS', '', '[B23]', '', '19.50', 'CTNS', '', '', '', '', '0.000', '19.50']
['', '', '', '', '', '', '', '', '', '', '', '', '', '', '', '6.50', '25.0']
['870', 'CF161', '', 'LAL QUAIL EGGS trung cuc', '', '', '', '', '2', 'CTNS', '38.00', 'per', 'CTNS', '', '0.000', '76.00']
['', '', '', '15 OZ X', '24 CANS', '10+1', '', '', '31.00', 'CTNS', '', '', '', '', '0.000', '62.00']
['', '', '', '', '', '', '', '', '', '', '', '', '', '', '', '14.00', '18.4']
['890', 'CF180A', '', 'MALING WATER CHESTNUTS', '', '', '', '', '2', 'CTNS', '24.50', 'per', 'CTNS', '', '0.000', '49.00']
['', '', '', '20z X', '24', 'WHOLE', '', '', '17.80', 'CTNS', '', '', '', '', '0.000', '35.60']
['', '', '', '', '', '', '', '', '', '', '', '', '', '', '', '13.40', '27.3']
['930', 'CF226', '', 'LAL TODDY PALM', '', '*WHOLE*', '', '', '1', 'CTNS', '38.00', 'per', 'CTNS', '', '0.000', '38.00']
['', '', '', '20 OZ X', '24 CANS', '', '', '[B17]', '30.50', 'CTNS', '', '', '', '', '0.000', '30.50']
['', '', '', '', '', '', '', '', '', '', '', '', '', '', '', '7.50', '19.7']
['980', 'CF290', '', 'CHIN-C GREEN AI-YU JELLY', '', '', '', '', '5', 'CTNS', '11.50', 'per', 'CTNS', '', '0.000', '57.50']
['', '', '', '19 OZ X', '12 CANS', '', '', '[E9]', '10.30', 'CTNS', '', '', '', '', '0.000', '51.50']
['', '', '', '', '', '', '', '', '', '', '', '', '', '', '', '6.00', '10.4']
['', '', '', '', '', '', '', '', '', '', '', '', '', '', '', '2.00', '12.9']
['170', 'CO101', '', '99 EGG YOLK CREAM BISCUIT', '', '', '', '', '1', 'CTNS', '15.50', 'per', 'CTNS', '', '0.000', '15.50']
['', '', '', '', '', '', '', '', '', '', '', '', '', '', '', '3.00', '12.0']
['150', 'CM104A', '', 'LY-NA FACE CREAM', '', '', '*GREEN*', '', '1', 'DOZ', '25.00', 'per', 'DOZ', '', '0.000', '25.00']
['', '', '', '', '', '', '', '', '', '', '', '', '', '', '', '22.00', '22.0']
['110', 'CI163A', '', 'LAL DRIED CHILLI', '', '', '5LB THAI', '', '1', 'CTNS', '100.00', 'per', 'CTNS', '', '0.000', '100.00']
['', '', '', '', '', '', '', '', '', '', '', '', '', '', '', '10.00', '12.5']
['60', 'BN121', '', 'WOR FUNG WHITE SESAME', '', '', '', '', '1', 'CTNS', '80.00', 'per', 'CTNS', '', '0.000', '80.00']
['', '', '', '', '', '', '', '', '', '', '', '', '', '', '', '8.00', '10.0']
['30', 'CH120', '', 'CALBEE SHRIMP CHIPS', '', '', '', '8 OZ', '4', 'CTNS', '20.00', 'per CTNS', '', '', '0.000', '80.00']
['Invoice', '#:', '769325', 'Invoice date:', '', '09/25/18', '', '', 'Customer: K003', '', 'KIM NHUNG SUPERFOOD INC', '', '', 'Sales rep:', '17']
['70', 'CI110', '', 'HUY FONG CHILI GARLIC', '', '', '', '*M*', '4', 'CTNS', '19.00', 'per', 'CTNS', '', '0.000', '76.00']
['', '', '', '18 OZ X', '12 BT SAUCE', '', '', '[C7]', '17.00', 'CTNS', '', '', '', '', '0.000', '68.00']
['', '', '', '', '', '', '', '', '', '', '', '', '', '', '', '8.00', '10.5']
['110', 'CI163A', '', 'LAL DRIED CHILLI', '', '', '5LB THAI', '', '1', 'CTNS', '100.00', 'per', 'CTNS', '', '0.000', '100.00']
['', '', '', '5 LBS X', '6 BAGS', '', '', '', '78.00', 'CTNS', '', '', '', '', '0.000', '78.00']
['', '', '', '', '', '', '', '', '', '', '', '', '', '', '', '22.00', '22.0']
['140', 'CM104', '', 'LY-NA FACE CREAM', '', '', '*PINK*', '', '2', 'DOZ', '30.00', 'per', 'DOZ', '', '0.000', '60.00']
['', '', '', '10 G X', '12 BOX', '', '', '', '21.50', 'DOZ', '', '', '', '', '0.000', '43.00']
['', '', '', '', '', '', '', '', '', '', '', '', '', '', '', '17.00', '28.3']
['150', 'CM104A', '', 'LY-NA FACE CREAM', '', '', '*GREEN*', '', '1', 'DOZ', '25.00', 'per', 'DOZ', '', '0.000', '25.00']
['', '', '', '10 G X', '12 BOX', '', '', '', '22.00', 'DOZ', '', '', '', '', '0.000', '22.00']
['', '', '', '', '', '', '', '', '', '', '', '', '', '', '', '3.00', '12.0']
['160', 'CM105', '', 'SAN ING PEARL CREAM', '', '', '', '', '2', 'DOZ', '20.00', 'per', 'DOZ', '', '0.000', '40.00']
['', '', '', '.3 OZ X', '12 BOX', '', '(HOA LAN)', '', '17.50', 'DOZ', '', '', '', '', '0.000', '35.00']
['', '', '', '', '', '', '', '', '', '', '', '', '', '', '', '5.00', '12.5']
['170', 'CO101', '', '99 EGG YOLK CREAM BISCUIT', '', '', '', '', '1', 'CTNS', '15.50', 'per', 'CTNS', '', '0.000', '15.50']
['', '', '', '6.35 OZ X', '12 BAG', '', '', '[I45]', '13.50', 'CTNS', '', '', '', '', '0.000', '13.50']
['', '', '', '', '', '', '', '', '', '', '', '', '', '', '', '2.00', '12.9']
['180', 'CO101B', '', '99 TARO FLAVOR BISCUIT', '', '', '', '', '1', 'CTNS', '15.50', 'per', 'CTNS', '', '0.000', '15.50']
['', '', '', '6.35 oz x', '12 bags', '', '', '', '13.50', 'CTNS', '', '', '', '', '0.000', '13.50']
['', '', '', '', '', '', '', '', '', '', '', '', '', '', '', '2.00', '12.9']
['', '', '', '', '', '', '', '', '', '', '', '', '', '', '', '5.00', '14.3']
['290', 'COL102', '', 'BIGEN', '#58', '*BLACK BROWN*', '', '', '1', 'DOZ', '35.00', 'per', 'DOZ', '', '0.000', '35.00']
['', '', '', '', '', '', '', '', '', '', '', '', '', '', '', '18.00', '9.1']
['260', 'COF108', '', 'TRUNG NGUYEN COFFEE (CAN)', '', '', '', '', '3', 'CTNS', '66.00', 'per', 'CTNS', '', '0.000', '198.00']
['', '', '', '', '', '', '', '', '', '', '', '', '', '', '', '2.50', '9.4']
['240', 'CO255I', '', 'GARDEN CAPPUCCINO WAFER', '', '', '', '', '1', 'CTNS', '26.50', 'per', 'CTNS', '', '0.000', '26.50']
['', '', '', '', '', '', '', '', '', '', '', '', '', '', '', '2.50', '9.4']
['220', 'CO255C', '', 'GARDEN PEACH WAFER', '', '', '', '', '1', 'CTNS', '26.50', 'per', 'CTNS', '', '0.000', '26.50']
['', '', '', '', '', '', '', '', '', '', '', '', '', '', '', '3.00', '12.5']
['200', 'CO113D', '', 'BIN BIN RICE CRACKER JMBO', '', '', '', '', '1', 'CTNS', '24.00', 'per CTNS', '', '', '0.000', '24.00']
['Invoice', '#:', '769325', 'Invoice date:', '', '09/25/18', '', '', 'Customer: K003', '', 'KIM NHUNG SUPERFOOD INC', '', '', 'Sales rep:', '17']
['230', 'CO255G', '', 'GARDEN LEMON WAFER', '', '', '', '', '1', 'CTNS', '24.50', 'per', 'CTNS', '', '0.000', '24.50']
['', '', '', '7 OZ X', '24 BAGS', '', '', '', '24.00', 'CTNS', '', '', '', '', '0.000', '24.00']
['', '', '', '', '', '', '', '', '', '', '', '', '', '', '', '0.50', '2.0']
['240', 'CO255I', '', 'GARDEN CAPPUCCINO WAFER', '', '', '', '', '1', 'CTNS', '26.50', 'per', 'CTNS', '', '0.000', '26.50']
['', '', '', '7 OZ X', '24 BOX', '', '', '[G35b]', '24.00', 'CTNS', '', '', '', '', '0.000', '24.00']
['', '', '', '', '', '', '', '', '', '', '', '', '', '', '', '2.50', '9.4']
['250', 'COF102', '', 'TRUNG NGUYEN COFFEE culi', '', '', '', '', '3', 'CTNS', '76.00', 'per', 'CTNS', '', '0.000', '228.00']
['', '', '', '500G/20 robus', '', '', '', '', '68.00', 'CTNS', '', '', '', '', '0.000', '204.00']
['', '', '', '', '', '', '', '', '', '', '', '', '', '', '', '24.00', '10.5']
['260', 'COF108', '', 'TRUNG NGUYEN COFFEE (CAN)', '', '', '', '', '3', 'CTNS', '66.00', 'per', 'CTNS', '', '0.000', '198.00']
['', '', '', '15 OZ/12 CAN', '', '*L*', '', '', '60.00', 'CTNS', '', '', '', '', '0.000', '180.00']
['', '', '', '', '', '', '', '', '', '', '', '', '', '', '', '18.00', '9.1']
['270', 'COF109B', '', 'NESCAFE VIET', '', '3n1', '*SUA DA', '', '2', 'CTNS', '58.00', 'per', 'CTNS', '', '0.000', '116.00']
['', '', '', '280G/24 EXP:11/19/19', '', '', '', '10+2', '37.43', 'CTNS', '', '', '', '', '0.000', '74.86']
['', '', '', '', '', '', '', '', '', '', '', '', '', '', '', '41.14', '35.5']
['290', 'COL102', '', 'BIGEN', '#58', '*BLACK BROWN*', '', '', '1', 'DOZ', '35.00', 'per', 'DOZ', '', '0.000', '35.00']
['', '', '', '1 DOZEN', '', '', '', '', '30.00', 'DOZ', '', '', '', '', '0.000', '30.00']
['', '', '', '', '', '', '', '', '', '', '', '', '', '', '', '5.00', '14.3']
['300', 'COL104D', '', 'BIGEN SPEEDY KIT', '', '', '#7', '', '1', 'PACK', '17.25', 'per', 'PACK', '', '0.000', '17.25']
['', '', '', '3 PCS', '/ BOX', '', '', '', '14.25', 'PACK', '', '', '', '', '0.000', '14.25']
['', '', '', '', '', '', '', '', '', '', '', '', '', '', '', '3.00', '17.4']
['', '', '', '', '', '', '', '', '', '', '', '', '', '', '', '6.00', '9.7']
['460', 'DV342A', '', 'D-HORSE RADISH SWEET', '', '', '', '*ST', '1', 'CTNS', '62.00', 'per', 'CTNS', '', '0.000', '62.00']
['', '', '', '', '', '', '', '', '', '', '', '', '', '', '', '13.66', '34.2']
['430', 'DD144', '', 'VT BOT NEP', '', '', '', '', '2', 'CTNS', '20.00', 'per', 'CTNS', '', '0.000', '40.00']
['', '', '', '', '', '', '', '', '', '', '', '', '', '', '', '3.50', '10.9']
['400', 'DD129', '', 'KTT BOT CHIEN TOM & CHUOI', '', '', '', '', '1', 'CTNS', '32.00', 'per', 'CTNS', '', '0.000', '32.00']
['', '', '', '', '', '', '', '', '', '', '', '', '', '', '', '9.00', '10.0']
['370', 'DD100', '', 'KTT GV NAU PHO HOA A-25', '', '', '', '', '3', 'CTNS', '30.00', 'per', 'CTNS', '', '0.000', '90.00']
['', '', '', '', '', '', '', '', '', '', '', '', '', '', '', '11.00', '19.6']
['320', 'COL106B', '', 'BIGEN SPEEDY REFILL', '', '', '', '#6', '1', 'BOX', '56.00', 'per BOX', '', '', '0.000', '56.00']
['Invoice', '#:', '769325', 'Invoice date:', '', '09/25/18', '', '', 'Customer: K003', '', 'KIM NHUNG SUPERFOOD INC', '', '', 'Sales rep:', '17']
['380', 'DD117', '', 'KTT CARI NI AN DO', '', '', '(16oz)', '', '4', 'CTNS', '45.00', 'per', 'CTNS', '', '0.000', '180.00']
['', '', '', '16OZ/12 CURRY POWDER A-21', '', '', '', '', '40.00', 'CTNS', '', '', '', '', '0.000', '160.00']
['', '', '', '', '', '', '', '', '', '', '', '', '', '', '', '20.00', '11.1']
['400', 'DD129', '', 'KTT BOT CHIEN TOM & CHUOI', '', '', '', '', '1', 'CTNS', '32.00', 'per', 'CTNS', '', '0.000', '32.00']
['', '', '', '12OZ/50 TEMPURA MIX A-12', '', '', '', '', '28.50', 'CTNS', '', '', '', '', '0.000', '28.50']
['', '', '', '', '', '', '', '', '', '', '', '', '', '', '', '3.50', '10.9']
['410', 'DD132', '', 'KTT BOT BANH GIO', '', '', '* A-07', '', '1', 'CTNS', '30.50', 'per', 'CTNS', '', '0.000', '30.50']
['', '', '', '12Z/50 ST PORK RICE FLOUR', '', '', '', '', '27.50', 'CTNS', '', '', '', '', '0.000', '27.50']
['', '', '', '', '', '', '', '', '', '', '', '', '', '', '', '3.00', '9.8']
['430', 'DD144', '', 'VT BOT NEP', '', '', '', '', '2', 'CTNS', '20.00', 'per', 'CTNS', '', '0.000', '40.00']
['', '', '', '14 OZ X', '20', '', '', '', '13.17', 'CTNS', '', '', '', '', '0.000', '26.34']
['', '', '', '', '', '', '', '', '', '', '', '', '', '', '', '13.66', '34.2']
['450', 'DV255', '', 'NK BLACK DATES', '', '', '', '', '1', 'CTNS', '64.00', 'per', 'CTNS', '', '0.000', '64.00']
['', '', '', '6 OZ X', '50 BAGS', '', '', '', '58.00', 'CTNS', '', '', '', '', '0.000', '58.00']
['', '', '', '', '', '', '', '', '', '', '', '', '', '', '', '6.00', '9.4']
['460', 'DV342A', '', 'D-HORSE RADISH SWEET', '', '', '', '*ST', '1', 'CTNS', '62.00', 'per', 'CTNS', '', '0.000', '62.00']
['', '', '', '14 Z X', '50 BAGS', '', 'STRIP', '', '56.00', 'CTNS', '', '', '', '', '0.000', '56.00']
['', '', '', '', '', '', '', '', '', '', '', '', '', '', '', '6.00', '9.7']
['470', 'DV343', '', 'D-HORSE RADISH SWEET', '', '', '', '*CH', '1', 'CTNS', '62.00', 'per', 'CTNS', '', '0.000', '62.00']
['', '', '', '14 OZ X', '50 BAG', '', 'CHOPPED', '', '56.00', 'CTNS', '', '', '', '', '0.000', '56.00']
['', '', '', '', '', '', '', '', '', '', '', '', '', '', '', '6.00', '9.7']
['', '', '', '', '', '', '', '', '', '', '', '', '', '', '', '7.00', '11.7']
['580', 'FD119A', '', 'CARBONATED LYCHEE SODA', '', '', '', '', '2', 'CTN', '30.00', 'per', 'CTN', '', '0.000', '60.00']
['', '', '', '', '', '', '', '', '', '', '', '', '', '', '', '26.95', '39.2']
['560', 'FD109E', '', 'MOGU MOGU LYCHEE DR. W/', '', '', '', '', '5', 'CTNS', '13.75', 'per', 'CTNS', '', '0.000', '68.75']
['', '', '', '', '', '', '', '', '', '', '', '', '', '', '', '15.49-', '0.0']
['540', 'FD105C', '', 'FOCO ROAST. COCONUT JUICE', '', '', '', '', '1', 'CTNS', '0.00', 'per', 'CTNS', '', '0.000', '0.00']
['', '', '', '', '', '', '', '', '', '', '', '', '', '', '', '16.25', '22.0']
['520', 'FD105B', '', 'FOCO ROAST. COCONUT JUICE', '', '', '', '', '5', 'CTNS', '14.75', 'per', 'CTNS', '', '0.000', '73.75']
['', '', '', '', '', '', '', '', '', '', '', '', '', '', '', '4.00', '15.4']
['500', 'ED140', '', "HALE'S BLUE BOY", '', '*RED*', '', '', '1', 'CTNS', '26.00', 'per CTNS', '', '', '0.000', '26.00']
['Invoice', '#:', '769325', 'Invoice date:', '', '09/25/18', '', '', 'Customer: K003', '', 'KIM NHUNG SUPERFOOD INC', '', '', 'Sales rep:', '17']
['530', 'FD105C', '', 'FOCO ROAST. COCONUT JUICE', '', '', '', '', '10', 'CTNS', '20.00', 'per', 'CTNS', '', '0.000', '200.00']
['', '', '', '17.6 OZ/24 CRV002', '', '', '', '10+1', '15.49', 'CTNS', '', '', '', '', '0.000', '154.90']
['', '', '', '', '', '', '', '', '', '', '', '', '', '', '', '45.10', '22.6']
['540', 'FD105C', '', 'FOCO ROAST. COCONUT JUICE', '', '', '', '', '1', 'CTNS', '0.00', 'per', 'CTNS', '', '0.000', '0.00']
['', '', '', '17.6 OZ/24 CRV002', '', '', '', '10+1', '15.49', 'CTNS', '', '', '', '', '0.000', '15.49']
['', '', '', '', '', '', '', '', '', '', '', '', '', '', '', '15.49-', '0.0']
['550', 'FD109C', '', 'MOGU MOGU COCONUT DR. W/', '', '', '', '', '5', 'CTNS', '13.75', 'per', 'CTNS', '', '0.000', '68.75']
['', '', '', '320ML X', '24 NATA COCO', '', '', '20+4', '8.36', 'CTNS', '', '', '', '', '0.000', '41.80']
['', '', '', '', '', '', '', '', '', '', '', '', '', '', '', '26.95', '39.2']
['560', 'FD109E', '', 'MOGU MOGU LYCHEE DR. W/', '', '', '', '', '5', 'CTNS', '13.75', 'per', 'CTNS', '', '0.000', '68.75']
['', '', '', '320ML X', '24 NATA COCO', '', '', '20+4', '8.36', 'CTNS', '', '', '', '', '0.000', '41.80']
['', '', '', '', '', '', '', '', '', '', '', '', '', '', '', '26.95', '39.2']
['570', 'FD119', '', 'CARBONATED STRAWBERY SODA', '', '', '', '', '1', 'CTNS', '30.00', 'per', 'CTNS', '', '0.000', '30.00']
['', '', '', '200 ML X', '30 BT', '[E29] CRV3', '', '', '26.50', 'CTNS', '', '', '', '', '0.000', '26.50']
['', '', '', '', '', '', '', '', '', '', '', '', '', '', '', '3.50', '11.7']
['580', 'FD119A', '', 'CARBONATED LYCHEE SODA', '', '', '', '', '2', 'CTN', '30.00', 'per', 'CTN', '', '0.000', '60.00']
['', '', '', '200 ML/30 BT', '', '[E29]', '', 'CRV3', '26.50', 'CTN', '', '', '', '', '0.000', '53.00']
['', '', '', '', '', '', '', '', '', '', '', '', '', '', '', '7.00', '11.7']
['610', 'FD158', '', 'PHI MANGO NECTAR DRINK', '', '', '', '', '5', 'CTNS', '16.00', 'per', 'CTNS', '', '0.000', '80.00']
['', '', '', '8.4 OZ X', '24 CANS', '', '', 'CRV002', '14.50', 'CTNS', '', '', '', '', '0.000', '72.50']
['', '', '', '', '', '', '', '', '', '', '', '', '', '', '', '7.50', '9.4']
['', '', '', '', '', '', '', '', '', '', '', '', '', '13.30', '15.8']
['720', 'FP120', '', 'LKK FINE SHRIMP SAUCE', '', '12z', '2', 'EACH', '', '42.00', 'per', 'CTNS', '0.000', '84.00']
['', '', '', '', '', '', '', '', '', '', '', '', '', '10.00', '9.4']
['700', 'FP104', '', 'NP. MAM CA LOC CREAMY', '', '16z', '1', 'CTNS', '', '106.00', 'per', 'CTNS', '0.000', '106.00']
['', '', '', '', '', '', '', '', '', '', '', '', '', '12.80', '9.7']
['680', 'FL193', '', 'L.HOW CAYENNE PEPPER PWDR', '', '', '2', 'CTNS', '', '66.00', 'per', 'CTNS', '0.000', '132.00']
['', '', '', '', '', '', '', '', '', '', '', '', '', '50.00', '14.7']
['660', 'FS200', '', 'RED BOAT FISH SAUCE', '', '*L*', '5', 'CTNS', '', '68.00', 'per', 'CTNS', '0.000', '340.00']
['', '', '', '', '', '', '', '', '', '', '', '', '', '11.25', '11.0']
['640', 'FD340', '', 'TASTE NIRVANA THAI TEA-B', '', '', '5', 'CTNS', '', '20.50', 'per CTNS', '', '0.000', '102.50']
['Invoice', '#:', '769325', 'Invoice date:', '', '09/25/18', 'Customer: K003', '', 'KIM NHUNG SUPERFOOD INC', '', '', 'Sales rep:', '17']
['670', 'FL110', '', 'MOCHIKO SWEET RICE FLOUR', '', '', '1', 'CTNS', '', '47.00', 'per', 'CTNS', '0.000', '47.00']
['', '', '', '16 OZ X', '36 BOX', 'KODA', '42.40', 'CTNS', '', '', '', '', '0.000', '42.40']
['', '', '', '', '', '', '', '', '', '', '', '', '', '4.60', '9.8']
['680', 'FL193', '', 'L.HOW CAYENNE PEPPER PWDR', '', '', '2', 'CTNS', '', '66.00', 'per', 'CTNS', '0.000', '132.00']
['', '', '', '5 LBS X', '8', 'EXTRA-HOT', '59.60', 'CTNS', '', '', '', '', '0.000', '119.20']
['', '', '', '', '', '', '', '', '', '', '', '', '', '12.80', '9.7']
['690', 'FO121', '', 'FRIED RED ONION', '', '***L***', '1', 'CTN', '', '95.00', 'per', 'CTN', '0.000', '95.00']
['', '', '', '7 OZ X', '36 JARS', '[H42]', '85.00', 'CTN', '', '', '', '', '0.000', '85.00']
['', '', '', '', '', '', '', '', '', '', '', '', '', '10.00', '10.5']
['700', 'FP104', '', 'NP. MAM CA LOC CREAMY', '', '16z', '1', 'CTNS', '', '106.00', 'per', 'CTNS', '0.000', '106.00']
['', '', '', '16z X', '24 BT MUD FISH thai', '', '96.00', 'CTNS', '', '', '', '', '0.000', '96.00']
['', '', '', '', '', '', '', '', '', '', '', '', '', '10.00', '9.4']
['710', 'FP105', '', 'NP. MAM CA LOC CREAMY', '', '24z', '1', 'CTNS', '', '93.00', 'per', 'CTNS', '0.000', '93.00']
['', '', '', '24z X', '12 BT MUD FISH thai', '', '84.00', 'CTNS', '', '', '', '', '0.000', '84.00']
['', '', '', '', '', '', '', '', '', '', '', '', '', '9.00', '9.7']
['720', 'FP120', '', 'LKK FINE SHRIMP SAUCE', '', '12z', '2', 'EACH', '', '42.00', 'per', 'CTNS', '0.000', '84.00']
['', '', '', '12 OZ X', '12 JARS', '[G38]', '35.35', 'EACH', '', '', '', '', '0.000', '70.70']
['', '', '', '', '', '', '', '', '', '', '', '', '', '13.30', '15.8']
['730', 'FP121', '', 'LKK FINE SHRIMP SAUCE', '', '8z', '1', 'CTNS', '', '30.00', 'per', 'CTNS', '0.000', '30.00']
['', '', '', '8 OZ X', '12 JARS', '[G37]', '27.55', 'CTNS', '', '', '', '', '0.000', '27.55']
['', '', '', '', '', '', '', '', '', '', '', '', '', '2.45', '8.2']
['', '', '', '', '', '', '', '', '', '', '', '', '', '20.00', '15.4']
['870', 'HM121', '', 'BRETEL BUTTER', '', '05-15-2019', '1', 'CTN', '', '130.00', 'per', 'CTN', '0.000', '130.00']
['', '', '', '', '', '', '', '', '', '', '', '', '', '80.00', '9.3']
['840', 'HL104', '', 'OX & PALM CORNED BEEF', '', '*L*', '8', 'CTNS', '', '108.00', 'per', 'CTNS', '0.000', '864.00']
['', '', '', '', '', '', '', '', '', '', '', '', '', '50.00', '6.9']
['820', 'FS220', '', '3 CRAB FISH SAUCE', '', '', '20', 'CTNS', '', '36.00', 'per', 'CTNS', '0.000', '720.00']
['', '', '', '', '', '', '', '', '', '', '', '', '', '21.68', '43.4']
['780', 'FP205C', '', 'NP CA PHAO TOM CHUA', '', '', '1', 'CTNS', '', '50.00', 'per', 'CTNS', '0.000', '50.00']
['', '', '', '', '', '', '', '', '', '', '', '', '', '22.40', '44.8']
['760', 'FP205A', '', 'NP CA PHAO MAM NEM', '', '', '1', 'CTNS', '', '50.00', 'per CTNS', '', '0.000', '50.00']
['Invoice', '#:', '769325', 'Invoice date:', '', '09/25/18', 'Customer: K003', '', 'KIM NHUNG SUPERFOOD INC', '', '', 'Sales rep:', '17']
['810', 'FS132', '', 'PHU QUOC FISH SAUCE*(A)*', '', '', '5', 'CTNS', '', '38.00', 'per', 'CTNS', '0.000', '190.00']
['', '', '', '24 Z/12 BT flying lion F3', '', '', '34.00', 'CTNS', '', '', '', '', '0.000', '170.00']
['', '', '', '', '', '', '', '', '', '', '', '', '', '20.00', '10.5']
['820', 'FS220', '', '3 CRAB FISH SAUCE', '', '', '20', 'CTNS', '', '36.00', 'per', 'CTNS', '0.000', '720.00']
['', '', '', '24 OZ X', '12 BT', '', '33.50', 'CTNS', '', '', '', '', '0.000', '670.00']
['', '', '', '', '', '', '', '', '', '', '', '', '', '50.00', '6.9']
['830', 'HL100', '', 'CROWN CORNED BEEF', '', '15 OZ', '1', 'CTNS', '', '148.00', 'per', 'CTNS', '0.000', '148.00']
['', '', '', '15 OZ X', '24 CAN', '', '133.50', 'CTNS', '', '', '', '', '0.000', '133.50']
['', '', '', '', '', '', '', '', '', '', '', '', '', '14.50', '9.8']
['840', 'HL104', '', 'OX & PALM CORNED BEEF', '', '*L*', '8', 'CTNS', '', '108.00', 'per', 'CTNS', '0.000', '864.00']
['', '', '', '15 OZ X', '24', 'CHUNKY', '98.00', 'CTNS', '', '', '', '', '0.000', '784.00']
['', '', '', '', '', '', '', '', '', '', '', '', '', '80.00', '9.3']
['850', 'HM102', '', 'PALM CORNED BEEF', '', '*15 OZ*', '2', 'CTNS', '', '126.00', 'per', 'CTNS', '0.000', '252.00']
['', '', '', '15 OZ X', '24', '', '108.00', 'CTNS', '', '', '', '', '0.000', '216.00']
['', '', '', '', '', '', '', '', '', '', '', '', '', '36.00', '14.3']
['870', 'HM121', '', 'BRETEL BUTTER', '', '05-15-2019', '1', 'CTN', '', '130.00', 'per', 'CTN', '0.000', '130.00']
['', '', '', '8.8 OZ X', '24 CANS', '', '110.00', 'CTN', '', '', '', '', '0.000', '110.00']
['', '', '', '', '', '', '', '', '', '', '', '', '', '20.00', '15.4']
['880', 'KS210', '', 'SK TIEU HOI', '', 'whole fennel', '1', 'CTNS', '', '34.00', 'per', 'CTNS', '0.000', '34.00']
['', '', '', '2 OZ X', '50 BAG seed', '[G14b]', '30.75', 'CTNS', '', '', '', '', '0.000', '30.75']
['', '', '', '', '', '', '', '', '', '', '', '', '', '3.25', '9.6']
['', '', '', '', '', '', '', '', '', '', '', '', '', '5.00', '9.4']
['990', 'MS120', '', 'VEDAN MSG', '12 OZ', '', '', '1', 'CTNS', '53.00', 'per', 'CTNS', '0.000', '53.00']
['', '', '', '', '', '', '', '', '', '', '', '', '', '10.00', '8.5']
['960', 'MI121', '', 'HOA LAN MILK(SUA HOA LAN)', '', '', '', '2', 'CTNS', '59.00', 'per', 'CTNS', '0.000', '118.00']
['', '', '', '', '', '', '', '', '', '', '', '', '', '2.55', '11.1']
['940', 'MD500', '', 'PO CHAI PILLS', '', '', '', '1', 'PACK', '23.00', 'per', 'PACK', '0.000', '23.00']
['', '', '', '', '', '', '', '', '', '', '', '', '', '20.80', '11.2']
['920', 'MD123', '', 'WHITE FLOWER OIL', '', '#1', '', '2', 'DOZN', '93.00', 'per', 'DOZN', '0.000', '186.00']
['', '', '', '', '', '', '', '', '', '', '', '', '', '3.75', '10.0']
['900', 'KS231', '', 'SK CANH GA, ECH CHIEN BO', '', '', '', '1', 'CTNS', '37.50', 'per CTNS', '', '0.000', '37.50']
['Invoice', '#:', '769325', 'Invoice date:', '09/25/18', '', '', 'Customer: K003', '', 'KIM NHUNG SUPERFOOD INC', '', 'Sales rep:', '17']
['930', 'MD201', '', 'DAU NHI THIEN DUONG', '', '', '', '4', 'DOZ', '20.00', 'per', 'DOZ', '0.000', '80.00']
['', '', '', '1 DOZEN SKIN CARE OIL', '', '', '', '17.60', 'DOZ', '', '', '', '0.000', '70.40']
['', '', '', '', '', '', '', '', '', '', '', '', '', '9.60', '12.0']
['940', 'MD500', '', 'PO CHAI PILLS', '', '', '', '1', 'PACK', '23.00', 'per', 'PACK', '0.000', '23.00']
['', '', '', '0.67 OZ X', '5 PCS', '/ PACK', '', '20.45', 'PACK', '', '', '', '0.000', '20.45']
['', '', '', '', '', '', '', '', '', '', '', '', '', '2.55', '11.1']
['950', 'MI120', '', 'BLACK & WHITE COND. MILK', '', '', '', '5', 'CTNS', '38.00', 'per', 'CTNS', '0.000', '190.00']
['', '', '', '14 OZ X', '24 CANS', '', '[C25]', '32.00', 'CTNS', '', '', '', '0.000', '160.00']
['', '', '', '', '', '', '', '', '', '', '', '', '', '30.00', '15.8']
['960', 'MI121', '', 'HOA LAN MILK(SUA HOA LAN)', '', '', '', '2', 'CTNS', '59.00', 'per', 'CTNS', '0.000', '118.00']
['', '', '', '14 OZ X', '48 CAN', '', '', '54.00', 'CTNS', '', '', '', '0.000', '108.00']
['', '', '', '', '', '', '', '', '', '', '', '', '', '10.00', '8.5']
['980', 'MS101', '', 'AJINOMOTO MSG (BAGS)', '', '', '', '3', 'CTNS', '77.00', 'per', 'CTNS', '0.000', '231.00']
['', '', '', '16 OZ X', '48 BAGS', '', '[C30]', '68.10', 'CTNS', '', '', '', '0.000', '204.30']
['', '', '', '', '', '', '', '', '', '', '', '', '', '26.70', '11.6']
['990', 'MS120', '', 'VEDAN MSG', '12 OZ', '', '', '1', 'CTNS', '53.00', 'per', 'CTNS', '0.000', '53.00']
['', '', '', '12 OZ X', '50 BAGS', '', '[C33]', '48.00', 'CTNS', '', '', '', '0.000', '48.00']
['', '', '', '', '', '', '', '', '', '', '', '', '', '5.00', '9.4']
['0', 'NO105', '', 'SAFOCO MI TRUNG CAO CAP', '', '', '', '3', 'CTNS', '17.50', 'per', 'CTNS', '0.000', '52.50']
['', '', '', '500g X', '10 PK EGG NOODLE', '', '', '11.93', 'CTNS', '', '', '', '0.000', '35.79']
['', '', '', '', '', '', '', '', '', '', '', '', '', '16.71', '31.8']
['', '', '', '', '', '', '', '', '', '', '', '', '', '8.00', '8.7']
['150', 'NO470', '', 'VIFON CHAO CA', '*BOWL*', '', '', '2', 'CTNS', '46.00', 'per', 'CTNS', '0.000', '92.00']
['', '', '', '', '', '', '', '', '', '', '', '', '', '3.00', '11.1']
['120', 'NO242', '', 'DAILY TOMYUM NOODLE', '', '', '', '1', 'BDL', '27.00', 'per', 'BDL', '0.000', '27.00']
['', '', '', '', '', '', '', '', '', '', '', '', '', '3.75', '11.9']
['80', 'NO239', '', 'OH RICEY PHO BO', '', '24 BAGS', '', '1', 'BDL', '31.50', 'per', 'BDL', '0.000', '31.50']
['', '', '', '', '', '', '', '', '', '', '', '', '', '5.50', '11.2']
['50', 'NO190B', '', 'N-SHIM SHIN NOODLE', '', '', '*CUP*', '10', 'CTNS', '4.90', 'per', 'CTNS', '0.000', '49.00']
['', '', '', '', '', '', '', '', '', '', '', '', '', '3.00', '11.8']
['30', 'NO148A', '', 'GOOD SPARERIBS VERMICELLI', '', '', '', '1', 'CTNS', '25.50', 'per CTNS', '', '0.000', '25.50']
['Invoice', '#:', '769325', 'Invoice date:', '09/25/18', '', '', 'Customer: K003', '', 'KIM NHUNG SUPERFOOD INC', '', 'Sales rep:', '17']
['60', 'NO199', '', 'N-SHIM UDON BOWL NOODLE', '', '', '', '9', 'CTNS', '11.50', 'per', 'CTNS', '0.000', '103.50']
['', '', '', '5 BOWL UDON', '', '', '', '9.75', 'CTNS', '', '', '', '0.000', '87.75']
['', '', '', '', '', '', '', '', '', '', '', '', '', '15.75', '15.2']
['80', 'NO239', '', 'OH RICEY PHO BO', '', '24 BAGS', '', '1', 'BDL', '31.50', 'per', 'BDL', '0.000', '31.50']
['', '', '', '70 gr/24 BAG X', '3 BOX', '', '', '27.75', 'BDL', '', '', '', '0.000', '27.75']
['', '', '', '', '', '', '', '', '', '', '', '', '', '3.75', '11.9']
['100', 'NO240A', '', 'HAO HAO ONION SATE', '', '', '*BAG*', '2', 'BDL', '24.00', 'per', 'BDL', '0.000', '48.00']
['', '', '', '30 BAG X', '3 BOX', '', '[J31]', '21.75', 'BDL', '', '', '', '0.000', '43.50']
['', '', '', '', '', '', '', '', '', '', '', '', '', '4.50', '9.4']
['120', 'NO242', '', 'DAILY TOMYUM NOODLE', '', '', '', '1', 'BDL', '27.00', 'per', 'BDL', '0.000', '27.00']
['', '', '', '3/24 BAG MI LAU THAI', '', '', 'J33', '24.00', 'BDL', '', '', '', '0.000', '24.00']
['', '', '', '', '', '', '', '', '', '', '', '', '', '3.00', '11.1']
['140', 'NO243', '', 'ACECOOK MI LAU THAI TOMYU', '', '', '', '5', 'BDL', '31.00', 'per', 'BDL', '0.000', '155.00']
['', '', '', '30 BAGS X', '3 BOX', '', '[J11]', '27.75', 'BDL', '', '', '', '0.000', '138.75']
['', '', '', '', '', '', '', '', '', '', '', '', '', '16.25', '10.5']
['150', 'NO470', '', 'VIFON CHAO CA', '*BOWL*', '', '', '2', 'CTNS', '46.00', 'per', 'CTNS', '0.000', '92.00']
['', '', '', '4.2 z/36 bowl/CS', '', '', '[J17]', '42.00', 'CTNS', '', '', '', '0.000', '84.00']
['', '', '', '', '', '', '', '', '', '', '', '', '', '8.00', '8.7']
['160', 'PA143', '', 'LAL GIA VI BUN RIEU CUA', '', '', '', '1', 'CTNS', '36.00', 'per', 'CTNS', '0.000', '36.00']
['', '', '', '7 OZ X', '24 BT PHA SAN', '', '[B1]', '28.00', 'CTNS', '', '', '', '0.000', '28.00']
['', '', '', '', '', '', '', '', '', '', '', '', '', '8.00', '22.2']
['', '', '', '', '', '', '', '', '', '', '', '', '10.91', '29.5']
['340', 'PW152A', 'BAO LONG GA XAO SA OT', '', '', '', '1', 'EACH', '37.00', 'per', 'CTNS', '0.000', '37.00']
['', '', '', '', '', '', '', '', '', '', '', '', '3.50', '8.1']
['280', 'PW130', 'OVALTINE', '14 oz', '', '', '1', 'CTNS', '43.00', 'per', 'CTNS', '0.000', '43.00']
['', '', '', '', '', '', '', '', '', '', '', '', '6.00', '9.1']
['220', 'PM112', 'SUNNY MAID PORK SUNG', '', '', '*L*', '1', 'CTNS', '66.00', 'per', 'CTNS', '0.000', '66.00']
['', '', '', '', '', '', '', '', '', '', '', '', '6.47', '12.4']
['190', 'PA200', 'POR KWAN BEEF PASTE', '', '', '*L*', '1', 'CTNS', '52.00', 'per', 'CTNS', '0.000', '52.00']
['', '', '', '', '', '', '', '', '', '', '', '', '6.00', '10.3']
['180', 'PA170', '2 CHICKEN SHRIMP PASTE-L-', '', '', '', '1', 'CTNS', '58.00', 'per CTNS', '', '0.000', '58.00']
['Invoice', '#:', '769325', 'Invoice date:', '09/25/18', 'Customer: K003', 'KIM NHUNG SUPERFOOD INC', 'Sales rep:', '17']
['210', 'PE113', 'NP BLACK PEPPER POWDER', '', '', '', '1', 'CTNS', '85.00', 'per', 'CTNS', '0.000', '85.00']
['', '', '7 OZ X', '24 JARS', '', '', '45.85', 'CTNS', '', '', '', '0.000', '45.85']
['', '', '', '', '', '', '', '', '', '', '', '', '39.15', '46.1']
['220', 'PM112', 'SUNNY MAID PORK SUNG', '', '', '*L*', '1', 'CTNS', '66.00', 'per', 'CTNS', '0.000', '66.00']
['', '', '18 OZ X', '6 BT', '', '(RED)', '60.00', 'CTNS', '', '', '', '0.000', '60.00']
['', '', '', '', '', '', '', '', '', '', '', '', '6.00', '9.1']
['250', 'PW115', 'VANILLA SUGAR', '', '', '', '1', 'CTNS', '31.00', 'per', 'CTNS', '0.000', '31.00']
['', '', '42 package X', '', '10 bag', '', '27.30', 'CTNS', '', '', '', '0.000', '27.30']
['', '', '', '', '', '', '', '', '', '', '', '', '3.70', '11.9']
['280', 'PW130', 'OVALTINE', '14 oz', '', '', '1', 'CTNS', '43.00', 'per', 'CTNS', '0.000', '43.00']
['', '', '14 OZ X', '12 BT', '', '[D25]', '39.50', 'CTNS', '', '', '', '0.000', '39.50']
['', '', '', '', '', '', '', '', '', '', '', '', '3.50', '8.1']
['330', 'PW150B', 'BAO LONG MI QUANG', '', '', '', '2', 'CTNS', '37.00', 'per', 'CTNS', '0.000', '74.00']
['', '', '144 BOX', '', '*6/7/2020', '', '26.09', 'CTNS', '', '', '', '0.000', '52.18']
['', '', '', '', '', '', '', '', '', '', '', '', '21.82', '29.5']
['340', 'PW152A', 'BAO LONG GA XAO SA OT', '', '', '', '1', 'EACH', '37.00', 'per', 'CTNS', '0.000', '37.00']
['', '', '144 BOX', '*', '*6/7/2020', '', '26.09', 'EACH', '', '', '', '0.000', '26.09']
['', '', '', '', '', '', '', '', '', '', '', '', '10.91', '29.5']
['350', 'PW162', 'PANKO BREAD CRUMB JAPAN', '', '', '', '1', 'CTNS', '35.00', 'per', 'CTNS', '0.000', '35.00']
['', '', '7 OZ X', '36 BAGS', '', '[H18b]', '31.32', 'CTNS', '', '', '', '0.000', '31.32']
['', '', '', '', '', '', '', '', '', '', '', '', '3.68', '10.5']
['', '', '', '', '', '', '', '', '', '', '', '14.00', '9.5']
['470', 'RI100', 'KODA SWEET RICE', '', '5 LBS', '2', 'CTNS', '74.00', 'per', 'CTNS', '0.000', '148.00']
['', '', '', '', '', '', '', '', '', '', '', '4.55', '9.1']
['440', 'PW303C', 'LOTUS GIA VI PHO GA', '', '', '1', 'CTN', '50.00', 'per', 'CTN', '0.000', '50.00']
['', '', '', '', '', '', '', '', '', '', '', '16.00', '26.7']
['420', 'PW301A', 'CHAO THAI COCONUT PWD', '', '13z', '2', 'CTNS', '30.00', 'per', 'CTNS', '0.000', '60.00']
['', '', '', '', '', '', '', '', '', '', '', '3.82', '17.4']
['390', 'PW231', 'KNORR CHICKEN BOUILLO MIX', '', '', '1', 'BOX', '22.00', 'per', 'BOX', '0.000', '22.00']
['', '', '', '', '', '', '', '', '', '', '', '2.64', '12.6']
['370', 'PW200', 'NOH KOREAN KIM CHEE BASE', '', '', '1', 'CTNS', '21.00', 'per CTNS', '', '0.000', '21.00']
['Invoice', '#:', '769325', 'Invoice date:', '09/25/18', 'Customer: K003', 'KIM NHUNG SUPERFOOD INC', 'Sales rep:', '17']
['410', 'PW239A', 'TOTOLE CHICKEN BOUILLON L', '', '', '2', 'CTNS', '76.50', 'per', 'CTNS', '0.000', '153.00']
['', '', '2.2 LBS X', '12 CAN', '', '70.00', 'CTNS', '', '', '', '0.000', '140.00']
['', '', '', '', '', '', '', '', '', '', '', '13.00', '8.5']
['420', 'PW301A', 'CHAO THAI COCONUT PWD', '', '13z', '2', 'CTNS', '30.00', 'per', 'CTNS', '0.000', '60.00']
['', '', '13 OZ X', '12 BOX', '', '22.00', 'CTNS', '', '', '', '0.000', '44.00']
['', '', '', '', '', '', '', '', '', '', '', '16.00', '26.7']
['430', 'PW303', 'LOTUS GIA VI PHO BO', '', '', '2', 'CTNS', '50.00', 'per', 'CTNS', '0.000', '100.00']
['', '', '2.7 OZ X', '24 gia vi pho bo', '', '45.45', 'CTNS', '', '', '', '0.000', '90.90']
['', '', '', '', '', '', '', '', '', '', '', '9.10', '9.1']
['440', 'PW303C', 'LOTUS GIA VI PHO GA', '', '', '1', 'CTN', '50.00', 'per', 'CTN', '0.000', '50.00']
['', '', '2.7 OZ X', '24 BAGS', '', '45.45', 'CTN', '', '', '', '0.000', '45.45']
['', '', '', '', '', '', '', '', '', '', '', '4.55', '9.1']
['450', 'PW504', 'GC AGAR AGAR POWDER', '', '', '1', 'CTNS', '29.00', 'per', 'CTNS', '0.000', '29.00']
['', '', '6 OZ X', '24 BOX', '', '26.40', 'CTNS', '', '', '', '0.000', '26.40']
['', '', '', '', '', '', '', '', '', '', '', '2.60', '9.0']
['470', 'RI100', 'KODA SWEET RICE', '', '5 LBS', '2', 'CTNS', '74.00', 'per', 'CTNS', '0.000', '148.00']
['', '', '5 LBS X', '12 BAGS', '', '67.00', 'CTNS', '', '', '', '0.000', '134.00']
['', '', '', '', '', '', '', '', '', '', '', '14.00', '9.5']
['480', 'RI102', 'KODA SWEET RICE', '', '25 LBS', '10', 'BAG', '28.00', 'per', 'BAG', '0.000', '280.00']
['', '', '25 LBS', '/ BAG', '', '25.00', 'BAG', '', '', '', '0.000', '250.00']
['', '', '', '', '', '', '', '', '', '', '', '30.00', '10.7']
['', '', '', '', '', '', '', '', '', '', '', '26.00', '38.8']
['630', 'RS136A', 'NP BUN TUOI THU DUC', '', '', '2', 'CTNS', '33.50', 'per', 'CTNS', '0.000', '67.00']
['', '', '', '', '', '', '', '', '', '', '', '4.50', '11.5']
['610', 'RS110', 'BUDDHA BRAND RICE STICK', '', '', '1', 'CTNS', '39.00', 'per', 'CTNS', '0.000', '39.00']
['', '', '', '', '', '', '', '', '', '', '', '400.40', '27.8']
['590', 'RS104', 'MY THO BUN TUOI DAC BIET', '', '', '40', 'CTNS', '36.00', 'per', 'CTNS', '0.000', '1440.00']
['', '', '', '', '', '', '', '', '', '', '', '4.00', '10.0']
['570', 'RP177', 'D-D BANH TRANG GOI XOI', '', '', '1', 'CTNS', '40.00', 'per', 'CTNS', '0.000', '40.00']
['', '', '', '', '', '', '', '', '', '', '', '18.15', '43.2']
['530', 'RP128', 'NP BANH DA ME TOM DEN', '', '*VN', '1', 'CTNS', '42.00', 'per CTNS', '', '0.000', '42.00']
['Invoice', '#:', '769325', 'Invoice date:', '09/25/18', 'Customer: K003', 'KIM NHUNG SUPERFOOD INC', 'Sales rep:', '17']
['580', 'RP177A', 'D-D BANH TRANG GOI XOI', '', '', '1', 'CTNS', '40.00', 'per', 'CTNS', '0.000', '40.00']
['', '', '3.5 OZ X', '48', '(WHITE)', '36.00', 'CTNS', '', '', '', '0.000', '36.00']
['', '', '', '', '', '', '', '', '', '', '', '4.00', '10.0']
['590', 'RS104', 'MY THO BUN TUOI DAC BIET', '', '', '40', 'CTNS', '36.00', 'per', 'CTNS', '0.000', '1440.00']
['', '', '2 LBS X', '18 BAG', '**10+1**', '25.99', 'CTNS', '', '', '', '0.000', '1039.60']
['', '', '', '', '', '', '', '', '', '', '', '400.40', '27.8']
['600', 'RS104', 'MY THO BUN TUOI DAC BIET', '', '', '4', 'CTNS', '0.00', 'per', 'CTNS', '0.000', '0.00']
['', '', '2 LBS X', '18 BAG', '**10+1**', '25.99', 'CTNS', '', '', '', '0.000', '103.96']
['', '', '', '', '', '', '', '', '', '', '', '103.96-', '0.0']
['610', 'RS110', 'BUDDHA BRAND RICE STICK', '', '', '1', 'CTNS', '39.00', 'per', 'CTNS', '0.000', '39.00']
['', '', '14 OZ X', '50 BAGS', '[I24]', '34.50', 'CTNS', '', '', '', '0.000', '34.50']
['', '', '', '', '', '', '', '', '', '', '', '4.50', '11.5']
['620', 'RS135A', 'NP BUN TUOI TAY DO', '', '', '2', 'CTNS', '33.50', 'per', 'CTNS', '0.000', '67.00']
['', '', '2 LBS X', '20 BAGS', '', '20.50', 'CTNS', '', '', '', '0.000', '41.00']
['', '', '', '', '', '', '', '', '', '', '', '26.00', '38.8']
['630', 'RS136A', 'NP BUN TUOI THU DUC', '', '', '2', 'CTNS', '33.50', 'per', 'CTNS', '0.000', '67.00']
['', '', '32 OZ X', '20', 'R,VERMICELLI', '20.50', 'CTNS', '', '', '', '0.000', '41.00']
['', '', '', '', '', '', '', '', '', '', '', '26.00', '38.8']
['640', 'RS140', 'GUILIN RICE STICK', '', '*S*', '2', 'CTNS', '48.00', 'per', 'CTNS', '0.000', '96.00']
['', '', '14 OZ X', '60 BAGS', '[I36]', '0.00', 'CTNS', '', '', '', '0.000', '0.00']
['', '', '', '', '', '', '', '', '', '', '', '96.00', '100.0']
['', '', '', '', '', '', '', '', '', '', '', '5.00', '9.6']
['760', 'RS244', 'QH BANH CANH DAC BIET', '', '', '1', 'CTNS', '52.00', 'per', 'CTNS', '0.000', '52.00']
['', '', '', '', '', '', '', '', '', '', '', '8.00', '9.5']
['730', 'RS231A', 'NG FUNG FINE VERM.bun', '', '*S*', '2', 'CTNS', '42.00', 'per', 'CTNS', '0.000', '84.00']
['', '', '', '', '', '', '', '', '', '', '', '50.00', '17.9']
['710', 'RS190C', 'BKK ELE RICE STIK', '', '10MM-XL', '10', 'CTNS', '28.00', 'per', 'CTNS', '0.000', '280.00']
['', '', '', '', '', '', '', '', '', '', '', '150.00', '17.9']
['690', 'RS190A', 'BKK ELE RICE STICK', '', '3MM-M', '30', 'CTNS', '28.00', 'per', 'CTNS', '0.000', '840.00']
['', '', '', '', '', '', '', '', '', '', '', '10.00', '9.3']
['670', 'RS143', 'NG FUNG BUN BO HUE', '', '14 OZ', '2', 'CTNS', '54.00', 'per CTNS', '', '0.000', '108.00']
['Invoice', '#:', '769325', 'Invoice date:', '09/25/18', 'Customer: K003', 'KIM NHUNG SUPERFOOD INC', 'Sales rep:', '17']
['700', 'RS190B', 'BKK ELE RICE STICK', '', '5MM-L', '5', 'CTNS', '28.00', 'per', 'CTNS', '0.000', '140.00']
['', '', '16OZ X', '30 BAG', '[I30]', '23.00', 'CTNS', '', '', '', '0.000', '115.00']
['', '', '', '', '', '', '', '', '', '', '', '25.00', '17.9']
['710', 'RS190C', 'BKK ELE RICE STIK', '', '10MM-XL', '10', 'CTNS', '28.00', 'per', 'CTNS', '0.000', '280.00']
['', '', '16 OZ X', '30 BAG', '[I28]', '23.00', 'CTNS', '', '', '', '0.000', '230.00']
['', '', '', '', '', '', '', '', '', '', '', '50.00', '17.9']
['720', 'RS200', 'WAI WAI VERM. RICE STICK', '', '', '1', 'CTNS', '21.00', 'per', 'CTNS', '0.000', '21.00']
['', '', '17.5 OZ. X', '24 BAGS', '[J8]', '18.50', 'CTNS', '', '', '', '0.000', '18.50']
['', '', '', '', '', '', '', '', '', '', '', '2.50', '11.9']
['730', 'RS231A', 'NG FUNG FINE VERM.bun', '', '*S*', '2', 'CTNS', '42.00', 'per', 'CTNS', '0.000', '84.00']
['', '', '4 LBS x', '8 BAGS giang tay', '', '38.00', 'CTNS', '', '', '', '0.000', '76.00']
['', '', '', '', '', '', '', '', '', '', '', '8.00', '9.5']
['740', 'RS242', 'OLDMAN BUN QUE LAM', '', '*S*', '1', 'CTNS', '44.00', 'per', 'CTNS', '0.000', '44.00']
['', '', '12 OZ X', '60 PURPLE', '(PS)', '40.00', 'CTNS', '', '', '', '0.000', '40.00']
['', '', '', '', '', '', '', '', '', '', '', '4.00', '9.1']
['760', 'RS244', 'QH BANH CANH DAC BIET', '', '', '1', 'CTNS', '52.00', 'per', 'CTNS', '0.000', '52.00']
['', '', '10.5 OZ X', '60', '', '47.00', 'CTNS', '', '', '', '0.000', '47.00']
['', '', '', '', '', '', '', '', '', '', '', '5.00', '9.6']
['770', 'RS246', 'QH BUN BAC LIEU RED', '', '#804', '2', 'CTNS', '75.50', 'per', 'CTNS', '0.000', '151.00']
['', '', '2 LBS X', '30', '', '66.00', 'CTNS', '', '', '', '0.000', '132.00']
['', '', '', '', '', '', '', '', '', '', '', '19.00', '12.6']
['', '', '', '', '', '', '', '', '', '', '', '', '', '', '', '6.00', '7.7']
['880', 'SS108', '', 'SUPER-Q VEGE SOY SCE', '', '', '', '', '27oz', '2', 'CTNS', '39.00', 'per', 'CTNS', '0.000', '78.00']
['', '', '', '', '', '', '', '', '', '', '', '', '', '', '', '6.20', '9.5']
['860', 'SD140', '', 'LIGO SARDINE GREEN', '', '', '', '15 OZ', '', '1', 'CTNS', '65.00', 'per', 'CTNS', '0.000', '65.00']
['', '', '', '', '', '', '', '', '', '', '', '', '', '', '', '5.50', '9.8']
['840', 'SD120', '', 'LIGO SARDINE GREEN', '', '', '', '5.5 OZ', '', '1', 'CTNS', '56.00', 'per', 'CTNS', '0.000', '56.00']
['', '', '', '', '', '', '', '', '', '', '', '', '', '', '', '16.25', '11.2']
['810', 'SA106', '', 'LKK HOISIN SAUCE', '', '', '*36 OZ*', '', '', '5', 'CTNS', '29.00', 'per', 'CTNS', '0.000', '145.00']
['', '', '', '', '', '', '', '', '', '', '', '', '', '', '', '4.50', '12.9']
['790', 'SA100', '', 'LKK OYSTER SAUCE', '', '', '18 OZ', '', '', '1', 'CTNS', '35.00', 'per CTNS', '', '0.000', '35.00']
['Invoice', '#:', '769325', 'Invoice date:', '', '09/25/18', '', '', '', 'Customer: K003', '', 'KIM NHUNG SUPERFOOD INC', '', 'Sales rep:', '17']
['820', 'SA107', '', 'LKK HOISIN SAUCE', '', '', '6X5LBS', '', '', '5', 'CTNS', '25.00', 'per', 'CTNS', '0.000', '125.00']
['', '', '', '5 LBS/6 CAN', '', 'purple', '', '[H41]', '', '22.35', 'CTNS', '', '', '', '0.000', '111.75']
['', '', '', '', '', '', '', '', '', '', '', '', '', '', '', '13.25', '10.6']
['840', 'SD120', '', 'LIGO SARDINE GREEN', '', '', '', '5.5 OZ', '', '1', 'CTNS', '56.00', 'per', 'CTNS', '0.000', '56.00']
['', '', '', '5.5 OZ X', '100 CAN', '', '', '', '', '50.50', 'CTNS', '', '', '', '0.000', '50.50']
['', '', '', '', '', '', '', '', '', '', '', '', '', '', '', '5.50', '9.8']
['850', 'SD121', '', 'LIGO SARDINE RED', '', '', '5.5 OZ', '', '', '1', 'CTNS', '56.00', 'per', 'CTNS', '0.000', '56.00']
['', '', '', '5.5 OZ X', '100 CAN', '', '', 'CHILI', '', '50.50', 'CTNS', '', '', '', '0.000', '50.50']
['', '', '', '', '', '', '', '', '', '', '', '', '', '', '', '5.50', '9.8']
['860', 'SD140', '', 'LIGO SARDINE GREEN', '', '', '', '15 OZ', '', '1', 'CTNS', '65.00', 'per', 'CTNS', '0.000', '65.00']
['', '', '', '15 OZ X', '48 CANS', '', '', '', '', '58.80', 'CTNS', '', '', '', '0.000', '58.80']
['', '', '', '', '', '', '', '', '', '', '', '', '', '', '', '6.20', '9.5']
['870', 'SL100', '', 'MORTON PLAIN SALT', '', '', '', '', '', '1', 'CTNS', '18.50', 'per', 'CTNS', '0.000', '18.50']
['', '', '', '26 OZ X', '24', '', '', '', '', '14.99', 'CTNS', '', '', '', '0.000', '14.99']
['', '', '', '', '', '', '', '', '', '', '', '', '', '', '', '3.51', '19.0']
['880', 'SS108', '', 'SUPER-Q VEGE SOY SCE', '', '', '', '', '27oz', '2', 'CTNS', '39.00', 'per', 'CTNS', '0.000', '78.00']
['', '', '', '27z/12 squareBT V.YEU', '', '', '', '', '', '36.00', 'CTNS', '', '', '', '0.000', '72.00']
['', '', '', '', '', '', '', '', '', '', '', '', '', '', '', '6.00', '7.7']
['900', 'SS110', '', 'LA. BO DE SOY SAUCE', '', '', '', '33.8z', '', '1', 'CTNS', '17.50', 'per', 'CTNS', '0.000', '17.50']
['', '', '', '33.8 OZ X', '12 BT', '', '', '[F17]', '', '16.00', 'CTNS', '', '', '', '0.000', '16.00']
['', '', '', '', '', '', '', '', '', '', '', '', '', '', '', '1.50', '8.6']
['', '', '', '', '', '', '', '', '', '', '', '', '', '', '', '2.70', '36.0']
['110', 'UT122B', '', 'GOLDENBAN BAMBOO', '', '', '45 CM', '', '', '3', 'SET', '2.50', 'per', 'SET', '0.000', '7.50']
['', '', '', '', '', '', '', '', '', '', '', '', '', '', '', '8.47', '21.2']
['70', 'SU130', '', 'SMALL LUMP CANDY', '', '', '*WHITE*', '', '', '1', 'EACH', '40.00', 'per', 'CTNS', '0.000', '40.00']
['', '', '', '', '', '', '', '', '', '', '', '', '', '', '', '11.05', '26.3']
['50', 'SU111', '', 'LUCKY C BROWN CANDY', '', '', '', '', '', '1', 'CTNS', '42.00', 'per', 'CTNS', '0.000', '42.00']
['', '', '', '', '', '', '', '', '', '', '', '', '', '', '', '2.50', '14.3']
['10', 'SS299', '', 'KC BLACK SOY SAUCE', '', '', '', '', '', '1', 'CTNS', '17.50', 'per', 'CTNS', '0.000', '17.50']
['', '', '', '', '', '', '', '', '', '', '', '', '', '', '', '8.00', '12.1']
['960', 'SS191', '', 'MAGGI SEASONING SOYSAUCE', '', '', '', '', '', '2', 'CTNS', '33.00', 'per CTNS', '', '0.000', '66.00']
['Invoice', '#:', '769325', 'Invoice date:', '', '09/25/18', '', '', '', 'Customer: K003', '', 'KIM NHUNG SUPERFOOD INC', '', 'Sales rep:', '17']
['40', 'SU110', '', 'ROCK CANDY', '', '*BOX*', '10+1', '', '', '2', 'CTNS', '41.00', 'per', 'CTNS', '0.000', '82.00']
['', '', '', '16 OZ X', '50', '*LUCKY CROWN*', '', '', '', '29.60', 'CTNS', '', '', '', '0.000', '59.20']
['', '', '', '', '', '', '', '', '', '', '', '', '', '', '', '22.80', '27.8']
['50', 'SU111', '', 'LUCKY C BROWN CANDY', '', '', '', '', '', '1', 'CTNS', '42.00', 'per', 'CTNS', '0.000', '42.00']
['', '', '', '16 OZ X', '50 BAGS', '', '*NEW*', '', '5+1', '30.95', 'CTNS', '', '', '', '0.000', '30.95']
['', '', '', '', '', '', '', '', '', '', '', '', '', '', '', '11.05', '26.3']
['60', 'SU112', '', 'C&H SUGAR', '', '*4 LBS*', '', '', '', '2', 'CTNS', '22.00', 'per', 'CTNS', '0.000', '44.00']
['', '', '', '4 LBS X', '10 BAG', '', '', '[C29]', '', '18.79', 'CTNS', '', '', '', '0.000', '37.58']
['', '', '', '', '', '', '', '', '', '', '', '', '', '', '', '6.42', '14.6']
['70', 'SU130', '', 'SMALL LUMP CANDY', '', '', '*WHITE*', '', '', '1', 'EACH', '40.00', 'per', 'CTNS', '0.000', '40.00']
['', '', '', '14OZ X', '50 LUCKY CROWN', '', '', '', '5+1', '31.53', 'EACH', '', '', '', '0.000', '31.53']
['', '', '', '', '', '', '', '', '', '', '', '', '', '', '', '8.47', '21.2']
['90', 'TE154', '', 'CHINA SLIM TEA', '', '', '*LADY SIT*', '', '', '1', 'CTNS', '43.00', 'per', 'CTNS', '0.000', '43.00']
['', '', '', '72 TBAGS X', '', '12 BOXES', '', '', '', '38.46', 'CTNS', '', '', '', '0.000', '38.46']
['', '', '', '', '', '', '', '', '', '', '', '', '', '', '', '4.54', '10.6']
['110', 'UT122B', '', 'GOLDENBAN BAMBOO', '', '', '45 CM', '', '', '3', 'SET', '2.50', 'per', 'SET', '0.000', '7.50']
['', '', '', '10 PC', 'CHOPSTICK', '', '', '', '', '1.60', 'SET', '', '', '', '0.000', '4.80']
['', '', '', '', '', '', '', '', '', '', '', '', '', '', '', '2.70', '36.0']
['120', 'UT135', '', 'KIWI KNIFE', '', '#172', '*', '', '', '3', 'BOX', '23.00', 'per', 'BOX', '0.000', '69.00']
['', '', '', 'BOX X 12 PCS', '', '', '', '', '', '16.40', 'BOX', '', '', '', '0.000', '49.20']
['', '', '', '', '', '', '', '', '', '', '', '', '', '', '', '19.80', '28.7']
['', '', '', '', '', '', '', '', '', '', '', '', '10.80', '13.8']
['440', 'CA116', 'MORINAGA CHEW GRAPE', '', '', '', '', '12', 'PACK', '6.50', 'per PACK', '0.000', '78.00']
['', '', '', '', '', '', '', '', '', '', '', '', '9.00', '10.3']
['300', 'FR030', 'FISH BALL w/FISH R FILLIN', '', '', '', '', '1', 'CTNS', '87.00', 'per CTNS', '0.000', '87.00']
['', '', '', '', '', '', '', '', '', '', '', '', '6.50-', '16.3-']
['200', 'UT543B', 'KOREAN WOK W/LID', '', '', '26 CM', '', '1', 'CTNS', '40.00', 'per CTNS', '0.000', '40.00']
['', '', '', '', '', '', '', '', '', '', '', '', '5.50', '10.6']
['180', 'UT543B', 'KOREAN WOK W/LID', '', '', '30 CM', '', '1', 'CTNS', '52.00', 'per CTNS', '0.000', '52.00']
['', '', '', '', '', '', '', '', '', '', '', '', '7.50', '10.4']
['140', 'UT230', 'GAS BURNER', '', '', '', '', '1', 'CTNS', '72.00', 'per CTNS', '0.000', '72.00']
['Invoice', '#:', '769325', 'Invoice date:', '09/25/18', 'Customer: K003', 'KIM NHUNG SUPERFOOD INC', 'Sales rep:', '17']
['', '', '', '', '', '', '', '', '', '', '', '', '5.50', '10.6']
['190', 'UT543A', 'KOREAN WOK W/LID', '', '', '28 CM', '', '1', 'CTNS', '45.00', 'per CTNS', '0.000', '45.00']
['', '', '6 PCS', '', '', '(KWP-2802S)', '', '40.50', 'CTNS', '', '', '0.000', '40.50']
['', '', '', '', '', '', '', '', '', '', '', '', '4.50', '10.0']
['200', 'UT543B', 'KOREAN WOK W/LID', '', '', '26 CM', '', '1', 'CTNS', '40.00', 'per CTNS', '0.000', '40.00']
['', '', '6 PCS', '', '', '(KWP-3002S)', '', '46.50', 'CTNS', '', '', '0.000', '46.50']
['', '', '', '', '', '', '', '', '', '', '', '', '6.50-', '16.3-']
['210', '', 'ADD ON LAST WEEK']
['300', 'FR030', 'FISH BALL w/FISH R FILLIN', '', '', '', '', '1', 'CTNS', '87.00', 'per CTNS', '0.000', '87.00']
['', '', '12 OZ X', '', '25', '*', '166A', '78.00', 'CTNS', '', '', '0.000', '78.00']
['', '', '', '', '', '', '', '', '', '', '', '', '9.00', '10.3']
['361', 'FR174B', 'OF YELLOW ST TREVALLY IQF', '', '', '', '', '5', 'CTNS', '49.50', 'per CTNS', '0.000', '247.50']
['', '', '30 LBS', '', '*VN* ca chi vang', '', '', '34.10', 'CTNS', '', '', '0.000', '170.50']
['', '', '', '', '', '', '', '', '', '', '', '', '77.00', '31.1']
['440', 'CA116', 'MORINAGA CHEW GRAPE', '', '', '', '', '12', 'PACK', '6.50', 'per PACK', '0.000', '78.00']
['', '', '1.76 OZ X', '', '10 PACKS', '', '', '5.60', 'PACK', '', '', '0.000', '67.20']
['', '', '', '', '', '', '', '', '', '', '', '', '10.80', '13.8']
['550', 'HM001', 'MARTIN FOOD CORNED BEEF', '', '', '', '', '2', 'CTNS', '112.00', 'per CTNS', '0.000', '224.00']
['', '', '11.5 OZ X', '', '24', 'CHUNKY', '', '102.00', 'CTNS', '', '', '0.000', '204.00']
['', '', '', '', '', '', '', '', '', '', '', '', '20.00', '8.9']
['', '', '', '', '', '', '', '', '', '', '', '21.00', '23.3']
['940', 'UT818', 'PALLET', '', '', '', '12', 'CTNS', '7.50', 'per CTNS', '0.000', '90.00']
['', '', '', '', '', '', '', '', '', '', '', '10.91', '29.5']
['870', 'PW159', 'BAO LONG BUN RIEU FLAVOUR', '', '', '', '1', 'CTNS', '37.00', 'per CTNS', '0.000', '37.00']
['', '', '', '', '', '', '', '', '', '', '', '6.40', '10.0']
['780', 'CA119C', 'MORINAGA', '', '*BAG* CITRUS', '', '8', 'CTNS', '8.00', 'per CTNS', '0.000', '64.00']
['', '', '', '', '', '', '', '', '', '', '', '18.00', '42.9']
['650', 'SS190F', 'MAGGI SOYSAUCE VN', '', '', '*CHILI*', '2', 'CTNS', '21.00', 'per CTNS', '0.000', '42.00']
['', '', '', '', '', '', '', '', '', '', '', '56.00', '25.5']
['580', 'PA143BB', 'LAL SHRIMP PASTE SOYB OIL', '', '', '', '4', 'CTNS', '55.00', 'per CTNS', '0.000', '220.00']
['Invoice', '#:', '769325', 'Invoice date:', '09/25/18', 'Customer: K003', 'KIM NHUNG SUPERFOOD INC', 'Sales rep:', '17']
['', '', '', '', '', '', '', '', '', '', '', '18.00', '42.9']
['660', 'SS193', 'SWISS MAGGIE SEASONING L', '', '', '', '2', 'CTNS', '67.00', 'per CTNS', '0.000', '134.00']
['', '', '27 Z/6 BT', '', '[F12] expensive', '', '60.00', 'CTNS', '', '', '0.000', '120.00']
['', '', '', '', '', '', '', '', '', '', '', '14.00', '10.4']
['780', 'CA119C', 'MORINAGA', '', '*BAG* CITRUS', '', '8', 'CTNS', '8.00', 'per CTNS', '0.000', '64.00']
['', '', '3.17 OZ X', '', '6 BAGS SOUR', '', '7.20', 'CTNS', '', '', '0.000', '57.60']
['', '', '', '', '', '', '', '', '', '', '', '6.40', '10.0']
['820', 'HM141', 'KYJ CHICKEN SAUSAGE', '', '', '', '1', 'CTNS', '116.00', 'per CTNS', '0.000', '116.00']
['', '', '14 OZ. X', '32 BAGS', '', '04/14/19', '105.50', 'CTNS', '', '', '0.000', '105.50']
['', '', '', '', '', '', '', '', '', '', '', '10.50', '9.1']
['870', 'PW159', 'BAO LONG BUN RIEU FLAVOUR', '', '', '', '1', 'CTNS', '37.00', 'per CTNS', '0.000', '37.00']
['', '', '144 BOX', '', '*6/7/2020', '', '26.09', 'CTNS', '', '', '0.000', '26.09']
['', '', '', '', '', '', '', '', '', '', '', '10.91', '29.5']
['930', '', 'END OF ADD LAST WEEK']
['940', 'UT818', 'PALLET', '', '', '', '12', 'CTNS', '7.50', 'per CTNS', '0.000', '90.00']
['', '', 'EACH', '', '', '', '5.75', 'CTNS', '', '', '0.000', '69.00']
['', '', '', '', '', '', '', '', '', '', '', '21.00', '23.3']
['', '', '', '', '', '', '', '', '', 'Invoice totals:', '', '31679.50']
['', '', '', '', '', '', '', '', '', '', '', '26391.37']
['', '', '', '', '', '', '', '', '', '', '', '5288.13', '16.7']
['Invoice', '#:', '769326', 'Invoice date:', '09/26/18', 'Customer: D021', 'DALAT SUPERMARKET', 'Sales rep:', '14']
['', '', '', '', '', '', 'Gross-margin', 'Margin-%']
['10', 'COF109A', 'TRUNG NGUYEN COFFE', '', '*100ST', '60', 'CTNS', '42.50', 'per CTNS', '0.000', '2550.00']
['', '', '100 X', '5', '3in1 EXPORT', '34.20', 'CTNS', '', '', '0.000', '2052.00']
['', '', '', '', '', '', '', '', '', '', '498.00', '19.5']
['', '', '', '', '', '', '', '', 'Invoice totals:', '', '2550.00']
['', '', '', '', '', '', '', '', '', '', '2052.00']
['', '', '', '', '', '', '', '', '', '', '498.00', '19.5']
['', '', '', '', '', '', '', '', '', '', '', '', '120.00', '100.0']
['110', 'FP309', 'CBH MAM TOM CHUA', '', '', '', '1', 'CTNS', '120.00', 'per', 'CTNS', '0.000', '120.00']
['', '', '', '', '', '', '', '', '', '', '', '', '6.00', '9.1']
['90', 'SE106', 'L.HOW BLACK SESAME OIL', '', '', '', '1', 'CTNS', '66.00', 'per', 'CTNS', '0.000', '66.00']
['', '', '', '', '', '', '', '', '', '', '', '', '7.77', '27.8']
['70', 'CI103A', 'PANTAI SRIRACHA', '', '', '*MED-HOT*', '1', 'CTNS', '28.00', 'per', 'CTNS', '0.000', '28.00']
['', '', '', '', '', '', '', '', '', '', '', '', '5.25', '10.3']
['50', 'HM107', 'OX & PALM LUNCHEON MEAT', '', '', '', '1', 'CTNS', '51.00', 'per', 'CTNS', '0.000', '51.00']
['', '', '', '', '', '', '', '', '', '', '', '', '13.27', '24.6']
['30', 'COF101BB', 'G7 CAPPUCCINO MOCHA', '', '', '', '1', 'CTNS', '54.00', 'per CTNS', '', '0.000', '54.00']
['Invoice', '#:', '769327', 'Invoice date:', '09/26/18', 'Customer: D021', 'DALAT SUPERMARKET', 'Sales rep:', '14']
['60', 'BR111', 'LAL TOMYUM KUNG SOUP', '', '', '', '1', 'CTNS', '35.00', 'per', 'CTNS', '0.000', '35.00']
['', '', '28 OZ X', '24 CAN', '', '', '25.53', 'CTNS', '', '', '', '0.000', '25.53']
['', '', '', '', '', '', '', '', '', '', '', '', '9.47', '27.1']
['70', 'CI103A', 'PANTAI SRIRACHA', '', '', '*MED-HOT*', '1', 'CTNS', '28.00', 'per', 'CTNS', '0.000', '28.00']
['', '', '30 OZ X', '12 BTL', '', '', '20.23', 'CTNS', '', '', '', '0.000', '20.23']
['', '', '', '', '', '', '', '', '', '', '', '', '7.77', '27.8']
['80', 'CI130A', 'LAL FRIED CHILI PASTE HOT', '', '', '', '1', 'CTNS', '77.00', 'per', 'CTNS', '0.000', '77.00']
['', '', '14 OZ X', '24 JARS', '', '*THAI*', '51.45', 'CTNS', '', '', '', '0.000', '51.45']
['', '', '', '', '', '', '', '', '', '', '', '', '25.55', '33.2']
['90', 'SE106', 'L.HOW BLACK SESAME OIL', '', '', '', '1', 'CTNS', '66.00', 'per', 'CTNS', '0.000', '66.00']
['', '', '16 OZ X', '12 BOTTLES', '', '', '60.00', 'CTNS', '', '', '', '0.000', '60.00']
['', '', '', '', '', '', '', '', '', '', '', '', '6.00', '9.1']
['100', 'FP206B', 'NP MAM RUOC DA NANG', '', '', '', '1', 'CTNS', '60.00', 'per', 'CTNS', '0.000', '60.00']
['', '', '430G (15 OZ) X', '', '24', '*NP013', '36.72', 'CTNS', '', '', '', '0.000', '36.72']
['', '', '', '', '', '', '', '', '', '', '', '', '23.28', '38.8']
['110', 'FP309', 'CBH MAM TOM CHUA', '', '', '', '1', 'CTNS', '120.00', 'per', 'CTNS', '0.000', '120.00']
['', '', '400 GR X', '24 JAR', '', '', '0.00', 'CTNS', '', '', '', '0.000', '0.00']
['', '', '', '', '', '', '', '', '', '', '', '', '120.00', '100.0']
['120', 'PA112', 'LAL GIA VI NAU PHO', '', '', '8 OZ', '1', 'CTNS', '32.00', 'per', 'CTNS', '0.000', '32.00']
['', '', '8 OZ X', '24 BT BEEF PASTE', '', '', '19.23', 'CTNS', '', '', '', '0.000', '19.23']
['', '', '', '', '', '', '', '', '', '', '', '', '12.77', '39.9']
['', '', '', '', '', '', '', '', '', '', '', '15.85', '35.2']
['220', 'PW225B', 'MAGGI MUSHROOM SEASONING', '', '', '1', 'CTNS', '45.00', 'per', 'CTNS', '0.000', '45.00']
['', '', '', '', '', '', '', '', '', '', '', '22.75', '49.5']
['200', 'PW224', 'KNORR PORK SEASON BOT NEM', '', '', '1', 'CTNS', '46.00', 'per', 'CTNS', '0.000', '46.00']
['', '', '', '', '', '', '', '', '', '', '', '2.64', '12.6']
['180', 'PW194', 'NOH CH. FRIED RICE MIX', '', '', '1', 'CTNS', '21.00', 'per', 'CTNS', '0.000', '21.00']
['', '', '', '', '', '', '', '', '', '', '', '7.11', '26.3']
['160', 'NO105B', 'SAFOCO EGG NOODLES', '', '*N*', '1', 'CTNS', '27.00', 'per', 'CTNS', '0.000', '27.00']
['', '', '', '', '', '', '', '', '', '', '', '8.88', '28.6']
['140', 'NO106A', 'SAFOCO RICE MACRONI K-T', '', '', '2', 'CTNS', '15.50', 'per CTNS', '', '0.000', '31.00']
['Invoice', '#:', '769327', 'Invoice date:', '09/26/18', 'Customer: D021', 'DALAT SUPERMARKET', 'Sales rep:', '14']
['170', 'DS101', 'LAL MUOI TOM SALT CHILI', '', '', '1', 'CTNS', '34.00', 'per', 'CTNS', '0.000', '34.00']
['', '', '5.25 OZ X', '24 JARS', 'POWDER', '22.00', 'CTNS', '', '', '', '0.000', '22.00']
['', '', '', '', '', '', '', '', '', '', '', '12.00', '35.3']
['180', 'PW194', 'NOH CH. FRIED RICE MIX', '', '', '1', 'CTNS', '21.00', 'per', 'CTNS', '0.000', '21.00']
['', '', '1 OZ X', '24 BAGS', '', '18.36', 'CTNS', '', '', '', '0.000', '18.36']
['', '', '', '', '', '', '', '', '', '', '', '2.64', '12.6']
['190', 'DD147B', 'VT BOT CHIEN CRISPY', '', '*L*', '2', 'CTNS', '22.00', 'per', 'CTNS', '0.000', '44.00']
['', '', '35.3 OZ X', '10', 'POWDER MIX', '14.37', 'CTNS', '', '', '', '0.000', '28.74']
['', '', '', '', '', '', '', '', '', '', '', '15.26', '34.7']
['200', 'PW224', 'KNORR PORK SEASON BOT NEM', '', '', '1', 'CTNS', '46.00', 'per', 'CTNS', '0.000', '46.00']
['', '', '2LB X', '8', 'XUONG HEO', '23.25', 'CTNS', '', '', '', '0.000', '23.25']
['', '', '', '', '', '', '', '', '', '', '', '22.75', '49.5']
['210', 'MS102', 'AJINOMOTO MSG (BOX)', '', '', '1', 'CTNS', '89.00', 'per', 'CTNS', '0.000', '89.00']
['', '', '16 OZ X', '48 BOX', '[C31]', '84.40', 'CTNS', '', '', '', '0.000', '84.40']
['', '', '', '', '', '', '', '', '', '', '', '4.60', '5.2']
['220', 'PW225B', 'MAGGI MUSHROOM SEASONING', '', '', '1', 'CTNS', '45.00', 'per', 'CTNS', '0.000', '45.00']
['', '', '7 OZ X', '36 BAGS', '', '29.15', 'CTNS', '', '', '', '0.000', '29.15']
['', '', '', '', '', '', '', '', '', '', '', '15.85', '35.2']
['230', 'COF180', 'CAFE PHO', '3IN1 (BAG)', '30TB', '1', 'CTNS', '145.00', 'per', 'CTNS', '0.000', '145.00']
['', '', '24 GM X', '30TB X', '20 BAGS', '95.00', 'CTNS', '', '', '', '0.000', '95.00']
['', '', '', '', '', '', '', '', '', '', '', '50.00', '34.5']
['', '', '', '', '', '', '', '', '', '', '', '', '278.00', '27.6']
['340', 'PW104B', 'LAL POLOKU MUSHROOM', '', '', '', '20', 'CTNS', '50.40', 'per', 'CTNS', '0.000', '1008.00']
['', '', '', '', '', '', '', '', '', '', '', '', '45.00', '42.9']
['320', 'SS190B', 'MAGGI SOY SAUCE VN LARGE', '', '', '', '5', 'CTNS', '21.00', 'per', 'CTNS', '0.000', '105.00']
['', '', '', '', '', '', '', '', '', '', '', '', '70.00', '10.8']
['300', 'FS200', 'RED BOAT FISH SAUCE', '', '', '*L*', '10', 'CTNS', '65.00', 'per', 'CTNS', '0.000', '650.00']
['', '', '', '', '', '', '', '', '', '', '', '', '110.25', '30.6']
['270', 'DV200', 'LAL COOKING TAMARIND', '', '', '', '5', 'CTNS', '72.00', 'per', 'CTNS', '0.000', '360.00']
['', '', '', '', '', '', '', '', '', '', '', '', '191.20', '33.9']
['250', 'COF107B', 'NESCAFE VIET', '', '2n1', '*DEN BOX', '10', 'CTNS', '56.40', 'per CTNS', '', '0.000', '564.00']
['Invoice', '#:', '769327', 'Invoice date:', '09/26/18', 'Customer: D021', 'DALAT SUPERMARKET', 'Sales rep:', '14']
['290', 'PW490B', 'DRAGON JELLY POWDER bot', '', '', '', '1', 'CTNS', '100.00', 'per', 'CTNS', '0.000', '100.00']
['', '', '12 BAG X', '20', 'rau cau', '', '72.81', 'CTNS', '', '', '', '0.000', '72.81']
['', '', '', '', '', '', '', '', '', '', '', '', '27.19', '27.2']
['300', 'FS200', 'RED BOAT FISH SAUCE', '', '', '*L*', '10', 'CTNS', '65.00', 'per', 'CTNS', '0.000', '650.00']
['', '', '500 ML X', '12 BOTTLE', '', '', '58.00', 'CTNS', '', '', '', '0.000', '580.00']
['', '', '', '', '', '', '', '', '', '', '', '', '70.00', '10.8']
['310', 'FS192', 'TIPAROS FISH SAUCE round.', '', '', '', '5', 'CTNS', '18.00', 'per', 'CTNS', '0.000', '90.00']
['', '', '23 OZ X', '12 round BT', '', '[F9]', '12.50', 'CTNS', '', '', '', '0.000', '62.50']
['', '', '', '', '', '', '', '', '', '', '', '', '27.50', '30.6']
['320', 'SS190B', 'MAGGI SOY SAUCE VN LARGE', '', '', '', '5', 'CTNS', '21.00', 'per', 'CTNS', '0.000', '105.00']
['', '', '700 ML X', '12 BT', '*YELLOW*', '', '12.00', 'CTNS', '', '', '', '0.000', '60.00']
['', '', '', '', '', '', '', '', '', '', '', '', '45.00', '42.9']
['330', 'SS190D', 'MAGGI SOYSAUCE VN DARK LG', '', '', '', '5', 'CTNS', '22.00', 'per', 'CTNS', '0.000', '110.00']
['', '', '700ML X', '12 BT', '*DAM DAC*', '', '13.75', 'CTNS', '', '', '', '0.000', '68.75']
['', '', '', '', '', '', '', '', '', '', '', '', '41.25', '37.5']
['340', 'PW104B', 'LAL POLOKU MUSHROOM', '', '', '', '20', 'CTNS', '50.40', 'per', 'CTNS', '0.000', '1008.00']
['', '', '500 G X', '12 BAGS SEASONING', '', '', '36.50', 'CTNS', '', '', '', '0.000', '730.00']
['', '', '', '', '', '', '', '', '', '', '', '', '278.00', '27.6']
['350', 'PW104B', 'LAL POLOKU MUSHROOM', '', '', '', '4', 'CTNS', '0.00', 'per', 'CTNS', '0.000', '0.00']
['', '', '500 G X', '12 BAGS SEASONING', '', '', '36.50', 'CTNS', '', '', '', '0.000', '146.00']
['', '', '', '', '', '', '', '', '', '', '', '', '146.00-', '0.0']
['', '', '', '', '', '', '', '', '', '', '', '', '305.00', '100.0']
['460', 'BS111B', 'LC WHITE ASPARAGUS SPEARS', '', '', '', '10', 'CTNS', '30.50', 'per', 'CTNS', '0.000', '305.00']
['', '', '', '', '', '', '', '', '', '', '', '', '71.70', '23.5']
['440', 'BS111A', 'NARCISSUS ASPARAGUS', '', '', '*L*', '10', 'CTNS', '30.50', 'per', 'CTNS', '0.000', '305.00']
['', '', '', '', '', '', '', '', '', '', '', '', '1.20', '10.4']
['420', 'CF293', 'CHIN-C ALMOND JELLY', '', '', '', '1', 'CTNS', '11.50', 'per', 'CTNS', '0.000', '11.50']
['', '', '', '', '', '', '', '', '', '', '', '', '4.15', '17.3']
['390', 'SU101A', 'AROY-D PALM SUGAR', '', '', '16OZ', '1', 'CTNS', '24.00', 'per', 'CTNS', '0.000', '24.00']
['', '', '', '', '', '', '', '', '', '', '', '', '10.00', '8.3']
['370', 'CF320', 'LAL JACKFRUIT SYRUP', '', '', '', '5', 'CTNS', '24.00', 'per CTNS', '', '0.000', '120.00']
['Invoice', '#:', '769327', 'Invoice date:', '09/26/18', 'Customer: D021', 'DALAT SUPERMARKET', 'Sales rep:', '14']
['400', 'DD143', 'VT BOT GAO', '', '', '', '1', 'EACH', '16.00', 'per', 'CTNS', '0.000', '16.00']
['', '', '16 OZ X', '20', '', '', '11.26', 'EACH', '', '', '', '0.000', '11.26']
['', '', '', '', '', '', '', '', '', '', '', '', '4.74', '29.6']
['420', 'CF293', 'CHIN-C ALMOND JELLY', '', '', '', '1', 'CTNS', '11.50', 'per', 'CTNS', '0.000', '11.50']
['', '', '19 OZ X', '12 CANNED', '', '[E10]', '10.30', 'CTNS', '', '', '', '0.000', '10.30']
['', '', '', '', '', '', '', '', '', '', '', '', '1.20', '10.4']
['430', 'FD250', 'LAL WHITE BEAN IN BRINE', '', '', '', '1', 'CTNS', '21.00', 'per', 'CTNS', '0.000', '21.00']
['', '', '15 OZ X', '24 CANS', '', '[A26]', '13.99', 'CTNS', '', '', '', '0.000', '13.99']
['', '', '', '', '', '', '', '', '', '', '', '', '7.01', '33.4']
['440', 'BS111A', 'NARCISSUS ASPARAGUS', '', '', '*L*', '10', 'CTNS', '30.50', 'per', 'CTNS', '0.000', '305.00']
['', '', '28.5OZ X', '12', '*L CROWN', '10+3', '23.33', 'CTNS', '', '', '', '0.000', '233.30']
['', '', '', '', '', '', '', '', '', '', '', '', '71.70', '23.5']
['450', 'BS111A', 'NARCISSUS ASPARAGUS', '', '', '*L*', '3', 'CTNS', '0.00', 'per', 'CTNS', '0.000', '0.00']
['', '', '28.5OZ X', '12', '*L CROWN', '10+2', '23.33', 'CTNS', '', '', '', '0.000', '69.99']
['', '', '', '', '', '', '', '', '', '', '', '', '69.99-', '0.0']
['460', 'BS111B', 'LC WHITE ASPARAGUS SPEARS', '', '', '', '10', 'CTNS', '30.50', 'per', 'CTNS', '0.000', '305.00']
['', '', '12z[370ml] X', '', '12 peel', '10+3', '0.00', 'CTNS', '', '', '', '0.000', '0.00']
['', '', '', '', '', '', '', '', '', '', '', '', '305.00', '100.0']
['470', 'BS111B', 'LC WHITE ASPARAGUS SPEARS', '', '', '', '3', 'CTNS', '0.00', 'per', 'CTNS', '0.000', '0.00']
['', '', '12z[370ml] X', '', '12 peel', '10+3', '0.00', 'CTNS', '', '', '', '0.000', '0.00']
['', '', '', '', '', '', '', '', '', '', '', '', '0.00', '0.0']
['', '', '', '', '', '', '', '', '', '', '72.00', '24.0']
['580', 'FR710A', 'FR. COOK UNPEEL CORN', '', '2 PC', '10', 'CTNS', '30.00', 'per CTNS', '0.000', '300.00']
['', '', '', '', '', '', '', '', '', '', '172.62', '33.2']
['540', 'FR271', 'FR. AROY-D DURIAN', '', '*BOX*', '2', 'CTNS', '260.00', 'per CTNS', '0.000', '520.00']
['', '', '', '', '', '', '', '', '', '', '5.28', '9.4']
['510', 'PC131', 'NP PICKLED LEEK', '', '*14 OZ*', '1', 'CTNS', '56.00', 'per CTNS', '0.000', '56.00']
['Invoice', '#:', '769327', 'Invoice date:', '09/26/18', 'Customer: D021', 'DALAT SUPERMARKET', 'Sales rep:', '14']
['', '', '', '', '', '', '', '', '', '', '35.00', '15.6']
['540', 'FR271', 'FR. AROY-D DURIAN', '', '*BOX*', '2', 'CTNS', '260.00', 'per CTNS', '0.000', '520.00']
['', '', '16 OZ X', '24 BOX SEEDLESS', '', '173.69', 'CTNS', '', '', '0.000', '347.38']
['', '', '', '', '', '', '', '', '', '', '172.62', '33.2']
['550', 'FR703B', 'FR. GRATED PURPLE YAM', '', '14z', '3', 'CTNS', '50.00', 'per CTNS', '0.000', '150.00']
['', '', '14OZ X', '40 BG Khoai Mo Bao', '', '29.05', 'CTNS', '', '', '0.000', '87.15']
['', '', '', '', '', '', '', '', '', '', '62.85', '41.9']
['580', 'FR710A', 'FR. COOK UNPEEL CORN', '', '2 PC', '10', 'CTNS', '30.00', 'per CTNS', '0.000', '300.00']
['', '', '2 PCS X', '30 BG', '*LAL FARM*', '22.80', 'CTNS', '', '', '0.000', '228.00']
['', '', '', '', '', '', '', '', '', '', '72.00', '24.0']
['590', 'FR710B', 'FR. COOK UNPEEL CORN', '', '3 PC', '12', 'CTNS', '35.00', 'per CTNS', '0.000', '420.00']
['', '', '27 OZ X', '24 BAG', '*LAL FARM*', '25.68', 'CTNS', '', '', '0.000', '308.16']
['', '', '', '', '', '', '', '', '', '', '111.84', '26.6']
['', '', '', '', '', '', '', '', 'Invoice totals:', '', '7427.70']
['', '', '', '', '', '', '', '', '', '', '5419.06']
['', '', '', '', '', '', '', '', '', '', '2008.64', '27.0']
['', '', '', '', '', '', '', '', '', '', '', '', '127.50', '28.3']
['130', 'FR100A', 'LAF CRAB MIX cua dong xay', '', '', '', '10', 'CTNS', '45.00', 'per', 'CTNS', '0.000', '450.00']
['', '', '', '', '', '', '', '', '', '', '', '', '9.45', '26.3']
['100', 'CR100A', 'SA GIANG BANH PHONG CUA', '', '', '', '1', 'EACH', '36.00', 'per', 'EACH', '0.000', '36.00']
['', '', '', '', '', '', '', '', '', '', '', '', '36.25', '34.5']
['60', 'SS190D', 'MAGGI SOYSAUCE VN DARK LG', '', '', '', '5', 'CTNS', '21.00', 'per', 'CTNS', '0.000', '105.00']
['', '', '', '', '', '', '', '', '', '', '', '', '305.00', '100.0']
['40', 'BS111B', 'LC WHITE ASPARAGUS SPEARS', '', '', '', '10', 'CTNS', '30.50', 'per', 'CTNS', '0.000', '305.00']
['', '', '', '', '', '', '', '', '', '', '', '', '55.92', '26.6']
['20', 'FR710B', 'FR. COOK UNPEEL CORN', '', '', '3 PC', '6', 'CTNS', '35.00', 'per CTNS', '', '0.000', '210.00']
['Invoice', '#:', '769328', 'Invoice date:', '09/26/18', 'Customer: A111', 'A DONG MARKET', 'Sales rep:', '14']
['50', 'BS111B', 'LC WHITE ASPARAGUS SPEARS', '', '', '', '3', 'CTNS', '0.00', 'per', 'CTNS', '0.000', '0.00']
['', '', '12z[370ml] X', '', '12 peel', '10+3', '0.00', 'CTNS', '', '', '', '0.000', '0.00']
['', '', '', '', '', '', '', '', '', '', '', '', '0.00', '0.0']
['60', 'SS190D', 'MAGGI SOYSAUCE VN DARK LG', '', '', '', '5', 'CTNS', '21.00', 'per', 'CTNS', '0.000', '105.00']
['', '', '700ML X', '12 BT', '', '*DAM DAC*', '13.75', 'CTNS', '', '', '', '0.000', '68.75']
['', '', '', '', '', '', '', '', '', '', '', '', '36.25', '34.5']
['80', 'CF290', 'CHIN-C GREEN AI-YU JELLY', '', '', '', '5', 'CTNS', '11.50', 'per', 'CTNS', '0.000', '57.50']
['', '', '19 OZ X', '12 CANS', '', '[E9]', '10.30', 'CTNS', '', '', '', '0.000', '51.50']
['', '', '', '', '', '', '', '', '', '', '', '', '6.00', '10.4']
['100', 'CR100A', 'SA GIANG BANH PHONG CUA', '', '', '', '1', 'EACH', '36.00', 'per', 'EACH', '0.000', '36.00']
['', '', '200G X', '55', 'no pepper', '10+1', '26.55', 'EACH', '', '', '', '0.000', '26.55']
['', '', '', '', '', '', '', '', '', '', '', '', '9.45', '26.3']
['110', 'MS101', 'AJINOMOTO MSG (BAGS)', '', '', '', '6', 'CTNS', '72.00', 'per', 'CTNS', '0.000', '432.00']
['', '', '16 OZ X', '48 BAGS', '', '[C30]', '68.10', 'CTNS', '', '', '', '0.000', '408.60']
['', '', '', '', '', '', '', '', '', '', '', '', '23.40', '5.4']
['130', 'FR100A', 'LAF CRAB MIX cua dong xay', '', '', '', '10', 'CTNS', '45.00', 'per', 'CTNS', '0.000', '450.00']
['', '', '12 OZ X', '20 BOX LA FARM', '', '', '32.25', 'CTNS', '', '', '', '0.000', '322.50']
['', '', '', '', '', '', '', '', '', '', '', '', '127.50', '28.3']
['140', 'PA130', 'PANTAI SHRIMP PASTE W/OIL', '', '', '', '5', 'CTNS', '93.00', 'per', 'CTNS', '0.000', '465.00']
['', '', '7OZX', '24', '#1 EXPENSIVE', '', '82.03', 'CTNS', '', '', '', '0.000', '410.15']
['', '', '', '', '', '', '', '', '', '', '', '', '54.85', '11.8']
['', '', '', '', '', '', '', '', '', '', '', '4.50', '32.1']
['250', 'CC140', 'LAL COCONUT JUICE', '', '10+1', '1', 'CTNS', '14.00', 'per', 'CTNS', '0.000', '14.00']
['', '', '', '', '', '', '', '', '', '', '', '3.82', '17.4']
['230', 'CC150A', 'CHEF CHOICE COCONUT', '', '*S*', '1', 'CTNS', '22.00', 'per', 'CTNS', '0.000', '22.00']
['', '', '', '', '', '', '', '', '', '', '', '3.00', '11.1']
['210', 'CO358', 'LOTTE CHOCO PIE L', '', '(12 PC)', '2', 'CTNS', '13.50', 'per', 'CTNS', '0.000', '27.00']
['', '', '', '', '', '', '', '', '', '', '', '8.91', '25.5']
['190', 'PW161A', 'BAO LONG HU TIEU NAM VANG', '', '', '1', 'CTNS', '35.00', 'per', 'CTNS', '0.000', '35.00']
['', '', '', '', '', '', '', '', '', '', '', '8.91', '25.5']
['170', 'PW149', 'BAO LONG BO HUE', '', '*', '1', 'CTNS', '35.00', 'per CTNS', '', '0.000', '35.00']
['Invoice', '#:', '769328', 'Invoice date:', '09/26/18', 'Customer: A111', 'A DONG MARKET', 'Sales rep:', '14']
['200', 'PW150', 'BAO LONG PHO FLAVOR', '', '*', '1', 'CTNS', '35.00', 'per', 'CTNS', '0.000', '35.00']
['', '', '144 BOX', '', '*6/7/2020', '26.09', 'CTNS', '', '', '', '0.000', '26.09']
['', '', '', '', '', '', '', '', '', '', '', '8.91', '25.5']
['210', 'CO358', 'LOTTE CHOCO PIE L', '', '(12 PC)', '2', 'CTNS', '13.50', 'per', 'CTNS', '0.000', '27.00']
['', '', '28 GM X', '12 PCS X', '8 BOX', '12.00', 'CTNS', '', '', '', '0.000', '24.00']
['', '', '', '', '', '', '', '', '', '', '', '3.00', '11.1']
['220', 'CH101A', 'MINH P JACKFRUIT CHIP', '', '', '1', 'CTNS', '47.00', 'per', 'CTNS', '0.000', '47.00']
['', '', '7 OZ X', '25 bags', '[H27b]', '37.14', 'CTNS', '', '', '', '0.000', '37.14']
['', '', '', '', '', '', '', '', '', '', '', '9.86', '21.0']
['230', 'CC150A', 'CHEF CHOICE COCONUT', '', '*S*', '1', 'CTNS', '22.00', 'per', 'CTNS', '0.000', '22.00']
['', '', '5.6 OZ X', '48 CAN MILK', '', '18.18', 'CTNS', '', '', '', '0.000', '18.18']
['', '', '', '', '', '', '', '', '', '', '', '3.82', '17.4']
['240', 'CV122A', 'POR KWAN PANDAN LEAVES', '', '', '1', 'CTNS', '22.00', 'per', 'CTNS', '0.000', '22.00']
['', '', '15 OZ X', '24 CAN EXTRACT', '', '17.25', 'CTNS', '', '', '', '0.000', '17.25']
['', '', '', '', '', '', '', '', '', '', '', '4.75', '21.6']
['250', 'CC140', 'LAL COCONUT JUICE', '', '10+1', '1', 'CTNS', '14.00', 'per', 'CTNS', '0.000', '14.00']
['', '', '14 OZ X', '24 DUA KHO THIT', '', '9.50', 'CTNS', '', '', '', '0.000', '9.50']
['', '', '', '', '', '', '', '', '', '', '', '4.50', '32.1']
['260', 'SU101A', 'AROY-D PALM SUGAR', '', '16OZ', '1', 'CTNS', '24.00', 'per', 'CTNS', '0.000', '24.00']
['', '', '16 OZ X', '24 TRAY PACKS', '', '19.85', 'CTNS', '', '', '', '0.000', '19.85']
['', '', '', '', '', '', '', '', '', '', '', '4.15', '17.3']
['', '', '', '', '', '', '', '', '', '', '', '', '', '50.00', '34.5']
['380', 'COF180', 'CAFE PHO', '', '3IN1 (BAG)', '30TB', '', '1', 'CTNS', '145.00', 'per', 'CTNS', '0.000', '145.00']
['', '', '', '', '', '', '', '', '', '', '', '', '', '74.56-', '0.0']
['360', 'COF107B', 'NESCAFE VIET', '', '2n1', '*DEN BOX', '', '2', 'CTNS', '0.00', 'per', 'CTNS', '0.000', '0.00']
['', '', '', '', '', '', '', '', '', '', '', '', '', '4.00', '9.5']
['340', 'SE102', 'JASUN SESAME OIL RED', '', '', '16oz', '', '1', 'CTNS', '42.00', 'per', 'CTNS', '0.000', '42.00']
['', '', '', '', '', '', '', '', '', '', '', '', '', '70.00', '25.5']
['310', 'PA143AA', 'LAL CRAB PASTE W SOYB OIL', '', '', '', '', '5', 'CTNS', '55.00', 'per', 'CTNS', '0.000', '275.00']
['', '', '', '', '', '', '', '', '', '', '', '', '', '9.05', '43.1']
['290', 'FD252', 'LAL BLACK BEAN IN BRINE', '', '', '', '', '1', 'CTNS', '21.00', 'per CTNS', '', '0.000', '21.00']
['Invoice', '#:', '769328', 'Invoice date:', '09/26/18', 'Customer: A111', 'A DONG MARKET', 'Sales rep:', '14']
['320', 'CV143', 'AFC HOT BEANCURD', '', '', '10.6 OZ', '', '1', 'CTNS', '43.00', 'per', 'CTNS', '0.000', '43.00']
['', '', '10.6 OZ X', '', '24 JARS', '[H15]', '', '38.50', 'CTNS', '', '', '', '0.000', '38.50']
['', '', '', '', '', '', '', '', '', '', '', '', '', '4.50', '10.5']
['340', 'SE102', 'JASUN SESAME OIL RED', '', '', '16oz', '', '1', 'CTNS', '42.00', 'per', 'CTNS', '0.000', '42.00']
['', '', '16 OZ. X', '', '12 BOTTLES', '', '', '38.00', 'CTNS', '', '', '', '0.000', '38.00']
['', '', '', '', '', '', '', '', '', '', '', '', '', '4.00', '9.5']
['350', 'COF107B', 'NESCAFE VIET', '', '2n1', '*DEN BOX', '', '10', 'CTNS', '56.40', 'per', 'CTNS', '0.000', '564.00']
['', '', '240G/24', '10+2', '', 'EXP:4/10/19', '', '37.28', 'CTNS', '', '', '', '0.000', '372.80']
['', '', '', '', '', '', '', '', '', '', '', '', '', '191.20', '33.9']
['360', 'COF107B', 'NESCAFE VIET', '', '2n1', '*DEN BOX', '', '2', 'CTNS', '0.00', 'per', 'CTNS', '0.000', '0.00']
['', '', '240G/24', '10+2', '', 'EXP:4/10/19', '', '37.28', 'CTNS', '', '', '', '0.000', '74.56']
['', '', '', '', '', '', '', '', '', '', '', '', '', '74.56-', '0.0']
['370', 'CC112A', 'AROY-D UHT COCONUT MILK-L', '', '', '', '', '10', 'CTNS', '22.00', 'per', 'CTNS', '0.000', '220.00']
['', '', '33.8Z X', '12', '*1000 ML*', '', '', '23.20', 'CTNS', '', '', '', '0.000', '232.00']
['', '', '', '', '', '', '', '', '', '', '', '', '', '12.00-', '5.5-']
['380', 'COF180', 'CAFE PHO', '', '3IN1 (BAG)', '30TB', '', '1', 'CTNS', '145.00', 'per', 'CTNS', '0.000', '145.00']
['', '', '24 GM X', '30TB X', '', '20 BAGS', '', '95.00', 'CTNS', '', '', '', '0.000', '95.00']
['', '', '', '', '', '', '', '', '', '', '', '', '', '50.00', '34.5']
['390', 'COF181', 'CAFE PHO', '', '3IN1 (BOX) WORLD', '', '', '2', 'CTNS', '145.00', 'per', 'CTNS', '0.000', '290.00']
['', '', '24 GM X', '10S X', '', '60 BOX', 'CUP', '95.00', 'CTNS', '', '', '', '0.000', '190.00']
['', '', '', '', '', '', '', '', '', '', '', '', '', '100.00', '34.5']
['', '', '', '', '', '', '', '', '', '', '', '27.25', '36.3']
['470', 'RS150', 'SAFOCO BUN TUOI', '', '', '5', 'CTNS', '15.00', 'per', 'CTNS', '0.000', '75.00']
['', '', '', '', '', '', '', '', '', '', '', '14.50', '36.3']
['450', 'FR310BB', 'FR. LEMON GRASS', '', '*1LB BAG*', '1', 'CTNS', '40.00', 'per', 'CTNS', '0.000', '40.00']
['', '', '', '', '', '', '', '', '', '', '', '53.04', '38.4']
['430', 'FP205B', 'NP CA PHAO DAM OT', '', '', '3', 'CTNS', '46.00', 'per', 'CTNS', '0.000', '138.00']
['', '', '', '', '', '', '', '', '', '', '', '32.00', '100.0']
['410', 'PA113B', 'THAI BOY TOM YUM SOUR', '', '8oz', '1', 'CTNS', '32.00', 'per CTNS', '', '0.000', '32.00']
['Invoice', '#:', '769328', 'Invoice date:', '09/26/18', 'Customer: A111', 'A DONG MARKET', 'Sales rep:', '14']
['', '', '', '', '', '', '', '', '', '', '', '53.04', '38.4']
['440', 'FR310D', 'FR. LEMON GRASS', '', '*32 OZ*', '1', 'CTNS', '45.00', 'per', 'CTNS', '0.000', '45.00']
['', '', '32 OZ X', '20B (XA BAM)*LAL*', '', '33.40', 'CTNS', '', '', '', '0.000', '33.40']
['', '', '', '', '', '', '', '', '', '', '', '11.60', '25.8']
['450', 'FR310BB', 'FR. LEMON GRASS', '', '*1LB BAG*', '1', 'CTNS', '40.00', 'per', 'CTNS', '0.000', '40.00']
['', '', '16 OZ X', '30 BAG', '*LAL FARM*', '25.50', 'CTNS', '', '', '', '0.000', '25.50']
['', '', '', '', '', '', '', '', '', '', '', '14.50', '36.3']
['460', 'FR310B', 'FR. LEMON GRASS', '', '*16 OZ*', '1', 'CTNS', '42.00', 'per', 'CTNS', '0.000', '42.00']
['', '', '16 OZ X', '24 JAR', '*LAL FARM*', '25.68', 'CTNS', '', '', '', '0.000', '25.68']
['', '', '', '', '', '', '', '', '', '', '', '16.32', '38.9']
['470', 'RS150', 'SAFOCO BUN TUOI', '', '', '5', 'CTNS', '15.00', 'per', 'CTNS', '0.000', '75.00']
['', '', '300GR X', '15 BAG', '', '9.55', 'CTNS', '', '', '', '0.000', '47.75']
['', '', '', '', '', '', '', '', '', '', '', '27.25', '36.3']
['490', 'PW490B', 'DRAGON JELLY POWDER bot', '', '', '5', 'CTNS', '100.00', 'per', 'CTNS', '0.000', '500.00']
['', '', '12 BAG X', '20', 'rau cau', '72.81', 'CTNS', '', '', '', '0.000', '364.05']
['', '', '', '', '', '', '', '', '', '', '', '135.95', '27.2']
['', '', '', '', '', '', '', '', '', 'Invoice', 'totals:', '5589.00']
['', '', '', '', '', '', '', '', '', '', '', '3812.36']
['', '', '', '', '', '', '', '', '', '', '', '1776.64', '31.8']
['', '', '', '', '', '', '', '', '', '', '', '', '', '', '9.00', '30.0']
['90', 'FR706A', 'FR. CASSAVA WHOLE', '', '', '*VN*', '', '', '1', 'CTNS', '30.00', 'per', 'CTNS', '0.000', '30.00']
['', '', '', '', '', '', '', '', '', '', '', '', '', '', '37.60', '39.2']
['70', 'FR712', 'FR. YOUNG SHRED COCONUT', '', '', '', '', '', '2', 'CTNS', '48.00', 'per', 'CTNS', '0.000', '96.00']
['', '', '', '', '', '', '', '', '', '', '', '', '', '', '72.00', '24.0']
['40', 'FR710A', 'FR. COOK UNPEEL CORN', '', '', '', '2 PC', '', '10', 'CTNS', '30.00', 'per', 'CTNS', '0.000', '300.00']
['', '', '', '', '', '', '', '', '', '', '', '', '', '', '20.61', '29.4']
['20', 'COF103', 'TRUNG NGUYEN G7 COLLAGEN', '', '', '', '', '', '1', 'CTNS', '70.00', 'per', 'CTNS', '0.000', '70.00']
['', '', '30GRX24', '*SM*', '15SACH', '', '', '', '17.33', 'CTNS', '', '', '', '0.000', '17.33']
['4', '', 'FR710B FR. CORN', '', '', '3 PCS', '', 'COLOR', '5 BAGS', 'EXCHANGE']
['2', '', 'EXCHANGE', '1 CASE FR703B', '', '', '', 'WITH CUSTOMER']
['Invoice', '#:', '769329', 'Invoice date:', '09/26/18', 'Customer: G042', 'GREEN FARM MARKET (FTV)', 'Sales rep:', '14']
['', '', '27 OZ X', '24 BAG', '*LAL FARM*', '', '', '', '25.68', 'CTNS', '', '', '', '0.000', '256.80']
['', '', '', '', '', '', '', '', '', '', '', '', '', '', '93.20', '26.6']
['40', 'FR710A', 'FR. COOK UNPEEL CORN', '', '', '', '2 PC', '', '10', 'CTNS', '30.00', 'per', 'CTNS', '0.000', '300.00']
['', '', '2 PCS X', '30 BG', '*LAL FARM*', '', '', '', '22.80', 'CTNS', '', '', '', '0.000', '228.00']
['', '', '', '', '', '', '', '', '', '', '', '', '', '', '72.00', '24.0']
['50', 'FR271', 'FR. AROY-D DURIAN', '', '', '*BOX*', '', '', '1', 'CTNS', '260.00', 'per', 'CTNS', '0.000', '260.00']
['', '', '16 OZ X', '24 BOX SEEDLESS', '', '', '', '', '173.69', 'CTNS', '', '', '', '0.000', '173.69']
['', '', '', '', '', '', '', '', '', '', '', '', '', '', '86.31', '33.2']
['70', 'FR712', 'FR. YOUNG SHRED COCONUT', '', '', '', '', '', '2', 'CTNS', '48.00', 'per', 'CTNS', '0.000', '96.00']
['', '', '8 OZ/40', 'DUA NON SOI', '', '', '*LAL', '', '29.20', 'CTNS', '', '', '', '0.000', '58.40']
['', '', '', '', '', '', '', '', '', '', '', '', '', '', '37.60', '39.2']
['80', 'FR708', 'FR. VN GRATED COCONUT', '', '', '', '', '', '1', 'CTNS', '54.00', 'per', 'CTNS', '0.000', '54.00']
['', '', '16 OZ X', '30', 'DUA BAO', '', '*LAL*', '', '34.80', 'CTNS', '', '', '', '0.000', '34.80']
['', '', '', '', '', '', '', '', '', '', '', '', '', '', '19.20', '35.6']
['90', 'FR706A', 'FR. CASSAVA WHOLE', '', '', '*VN*', '', '', '1', 'CTNS', '30.00', 'per', 'CTNS', '0.000', '30.00']
['', '', '16 OZ X', '30 BAG', '*LAL FARM*', '', '', '', '21.00', 'CTNS', '', '', '', '0.000', '21.00']
['', '', '', '', '', '', '', '', '', '', '', '', '', '', '9.00', '30.0']
['100', 'FR706', 'FR. GRATED CASSAVA', '', '', '*VN*', '', '', '2', 'CTNS', '23.00', 'per', 'CTNS', '0.000', '46.00']
['', '', '16 OZ X', '24 BAG', '*LAL FARM*', '', '', '', '14.40', 'CTNS', '', '', '', '0.000', '28.80']
['', '', '', '', '', '', '', '', '', '', '', '', '', '', '17.20', '37.4']
['', '', '', '', '', '', '', '', '', '', '', '', '', '0.85', '0.7']
['210', 'BS111A', '', 'NARCISSUS ASPARAGUS', '', '', '*L*', '5', 'CTNS', '23.50', 'per', 'CTNS', '0.000', '117.50']
['', '', '', '', '', '', '', '', '', '', '', '', '', '15.84', '13.9']
['190', 'PC100', '', 'WEI-C PICKLE CUCUMBER CAN', '', '', '', '3', 'CTNS', '38.00', 'per', 'CTNS', '0.000', '114.00']
['', '', '', '', '', '', '', '', '', '', '', '', '', '19.24', '26.7']
['170', 'FR281D', '', 'FR. THV BANH PIA KHOAI', '', '', '', '1', 'CTNS', '72.00', 'per', 'CTNS', '0.000', '72.00']
['', '', '', '', '', '', '', '', '', '', '', '', '', '9.80', '25.1']
['150', 'FR110C', '', 'FR. CHILI OT TUOI X-SPICY', '', '', '', '1', 'CTNS', '39.00', 'per', 'CTNS', '0.000', '39.00']
['', '', '', '', '', '', '', '', '', '', '', '', '', '40.50', '100.0']
['130', 'FR310CC', '', 'FR. LEMON GRASS', '', '', '*SLICE*', '1', 'CTNS', '40.50', 'per CTNS', '', '0.000', '40.50']
['Invoice', '#:', '769329', 'Invoice date:', '09/26/18', 'Customer: G042', 'GREEN FARM MARKET (FTV)', 'Sales rep:', '14']
['160', 'FR281C', '', 'FR. THV BANH PIA DAU XANH', '', '', '', '1', 'CTNS', '72.00', 'per', 'CTNS', '0.000', '72.00']
['', '', '30 PK', '', '', 'SAU RIENG', '', '52.76', 'CTNS', '', '', '', '0.000', '52.76']
['', '', '', '', '', '', '', '', '', '', '', '', '', '19.24', '26.7']
['170', 'FR281D', '', 'FR. THV BANH PIA KHOAI', '', '', '', '1', 'CTNS', '72.00', 'per', 'CTNS', '0.000', '72.00']
['', '', '', '30PK SAU RIENG & MON', '', '', '', '52.76', 'CTNS', '', '', '', '0.000', '52.76']
['', '', '', '', '', '', '', '', '', '', '', '', '', '19.24', '26.7']
['180', 'PW225', '', 'AJI-NGON PORK BOUILLON', '', '', '', '1', 'CTNS', '50.00', 'per', 'CTNS', '0.000', '50.00']
['', '', '200 GR X', '', '', '48 BG', 'SEASONING', '30.75', 'CTNS', '', '', '', '0.000', '30.75']
['', '', '', '', '', '', '', '', '', '', '', '', '', '19.25', '38.5']
['190', 'PC100', '', 'WEI-C PICKLE CUCUMBER CAN', '', '', '', '3', 'CTNS', '38.00', 'per', 'CTNS', '0.000', '114.00']
['', '', '6', '0Z X', '48 CANS', '', '', '32.72', 'CTNS', '', '', '', '0.000', '98.16']
['', '', '', '', '', '', '', '', '', '', '', '', '', '15.84', '13.9']
['200', 'CC105', '', 'AROY-D ORGANIC COCO', '', '', '14oz', '1', 'CTNS', '31.00', 'per', 'CTNS', '0.000', '31.00']
['', '', '14 OZ X', '', '', '24 CANS MILK', '', '22.00', 'CTNS', '', '', '', '0.000', '22.00']
['', '', '', '', '', '', '', '', '', '', '', '', '', '9.00', '29.0']
['210', 'BS111A', '', 'NARCISSUS ASPARAGUS', '', '', '*L*', '5', 'CTNS', '23.50', 'per', 'CTNS', '0.000', '117.50']
['', '', '28.5OZ X', '', '12', '*L CROWN', '', '23.33', 'CTNS', '', '', '', '0.000', '116.65']
['', '', '', '', '', '', '', '', '', '', '', '', '', '0.85', '0.7']
['230', 'PW150B', '', 'BAO LONG MI QUANG', '', '', '', '1', 'CTNS', '35.00', 'per', 'CTNS', '0.000', '35.00']
['', '', '144 BOX', '', '', '*6/7/2020', '', '26.09', 'CTNS', '', '', '', '0.000', '26.09']
['', '', '', '', '', '', '', '', '', '', '', '', '', '8.91', '25.5']
['', '', '', '', '', '', '', '', '', '', '', '', '7.11', '26.3']
['330', 'NO105C', 'SAFOCO EGG NOODLE THIN', '', '', '', '1', 'CTNS', '27.00', 'per', 'CTNS', '0.000', '27.00']
['', '', '', '', '', '', '', '', '', '', '', '', '25.55', '33.2']
['310', 'CI130A', 'LAL FRIED CHILI PASTE HOT', '', '', '', '1', 'CTNS', '77.00', 'per', 'CTNS', '0.000', '77.00']
['', '', '', '', '', '', '', '', '', '', '', '', '4.50', '11.7']
['290', 'FP149', 'PAGOLAC BBQ SAUCE MARINAD', '', '', '', '1', 'CTNS', '38.50', 'per', 'CTNS', '0.000', '38.50']
['', '', '', '', '', '', '', '', '', '', '', '', '65.75', '31.3']
['270', 'CF211', 'AROY-D LYCHEE SYRUP', '', '', '', '5', 'CTNS', '42.00', 'per', 'CTNS', '0.000', '210.00']
['', '', '', '', '', '', '', '', '', '', '', '', '11.00', '13.3']
['250', 'ED160', 'KOEPOE PANDAN LA DUA', '', '', '', '1', 'CTNS', '83.00', 'per CTNS', '', '0.000', '83.00']
['Invoice', '#:', '769329', 'Invoice date:', '09/26/18', 'Customer: G042', 'GREEN FARM MARKET (FTV)', 'Sales rep:', '14']
['280', 'FD252', 'LAL BLACK BEAN IN BRINE', '', '', '', '1', 'CTNS', '22.50', 'per', 'CTNS', '0.000', '22.50']
['', '', '15 OZ X', '24 CANS', '', '[A27]', '11.95', 'CTNS', '', '', '', '0.000', '11.95']
['', '', '', '', '', '', '', '', '', '', '', '', '10.55', '46.9']
['290', 'FP149', 'PAGOLAC BBQ SAUCE MARINAD', '', '', '', '1', 'CTNS', '38.50', 'per', 'CTNS', '0.000', '38.50']
['', '', '16 OZ X', '12 BOTTLE', '', '', '34.00', 'CTNS', '', '', '', '0.000', '34.00']
['', '', '', '', '', '', '', '', '', '', '', '', '4.50', '11.7']
['300', 'FP146', 'PAGOLAC MAM NEM PHA SAN', '', '', '', '5', 'CTNS', '36.00', 'per', 'CTNS', '0.000', '180.00']
['', '', '12.5 OZ X', '12 BT', '', '', '32.00', 'CTNS', '', '', '', '0.000', '160.00']
['', '', '', '', '', '', '', '', '', '', '', '', '20.00', '11.1']
['310', 'CI130A', 'LAL FRIED CHILI PASTE HOT', '', '', '', '1', 'CTNS', '77.00', 'per', 'CTNS', '0.000', '77.00']
['', '', '14 OZ X', '24 JARS', '*THAI*', '', '51.45', 'CTNS', '', '', '', '0.000', '51.45']
['', '', '', '', '', '', '', '', '', '', '', '', '25.55', '33.2']
['320', 'NT130', 'LAL RED PEANUT', '', '', '', '2', 'CTNS', '54.00', 'per', 'CTNS', '0.000', '108.00']
['', '', '12 OZ. X', '60 BG', '', '*USA*', '38.00', 'CTNS', '', '', '', '0.000', '76.00']
['', '', '', '', '', '', '', '', '', '', '', '', '32.00', '29.6']
['330', 'NO105C', 'SAFOCO EGG NOODLE THIN', '', '', '', '1', 'CTNS', '27.00', 'per', 'CTNS', '0.000', '27.00']
['', '', '500g X', '20 PK', 'STRING', '*Nsa', '19.89', 'CTNS', '', '', '', '0.000', '19.89']
['', '', '', '', '', '', '', '', '', '', '', '', '7.11', '26.3']
['340', 'NO105B', 'SAFOCO EGG NOODLES', '', '', '*N*', '1', 'CTNS', '27.00', 'per', 'CTNS', '0.000', '27.00']
['', '', '500g X', '20 PK', '', 'DAC BIET', '19.89', 'CTNS', '', '', '', '0.000', '19.89']
['', '', '', '', '', '', '', '', '', '', '', '', '7.11', '26.3']
['', '', '', '', '', '', '', '', '', '', '', '', '61.80', '26.3']
['450', 'COF104', 'G7 INST COFFE&SUGAR', '', '', '2IN1', '5', 'CTNS', '47.00', 'per', 'CTNS', '0.000', '235.00']
['', '', '', '', '', '', '', '', '', '', '', '', '4.74', '29.6']
['430', 'DD143', 'VT BOT GAO', '', '', '', '1', 'EACH', '16.00', 'per', 'CTNS', '0.000', '16.00']
['', '', '', '', '', '', '', '', '', '', '', '', '28.00', '25.5']
['410', 'PA143AA', 'LAL CRAB PASTE W SOYB OIL', '', '', '', '2', 'CTNS', '55.00', 'per', 'CTNS', '0.000', '110.00']
['', '', '', '', '', '', '', '', '', '', '', '', '10.46', '32.7']
['390', 'DD152', 'VT BOT BANH BAO dumling', '', '', '', '2', 'CTNS', '16.00', 'per', 'CTNS', '0.000', '32.00']
['', '', '', '', '', '', '', '', '', '', '', '', '4.66', '23.3']
['360', 'DD152G', 'VT BOT BANH BONG LAN', '', '', '', '1', 'CTNS', '20.00', 'per CTNS', '', '0.000', '20.00']
['Invoice', '#:', '769329', 'Invoice date:', '09/26/18', 'Customer: G042', 'GREEN FARM MARKET (FTV)', 'Sales rep:', '14']
['400', 'HL104', 'OX & PALM CORNED BEEF', '', '', '*L*', '1', 'CTNS', '108.00', 'per', 'CTNS', '0.000', '108.00']
['', '', '15 OZ X', '24', 'CHUNKY', '', '98.00', 'CTNS', '', '', '', '0.000', '98.00']
['', '', '', '', '', '', '', '', '', '', '', '', '10.00', '9.3']
['410', 'PA143AA', 'LAL CRAB PASTE W SOYB OIL', '', '', '', '2', 'CTNS', '55.00', 'per', 'CTNS', '0.000', '110.00']
['', '', '7 OZ X', '24 JARS', '', '', '41.00', 'CTNS', '', '', '', '0.000', '82.00']
['', '', '', '', '', '', '', '', '', '', '', '', '28.00', '25.5']
['420', 'COF180', 'CAFE PHO', '3IN1 (BAG)', '', '30TB', '1', 'CTNS', '145.00', 'per', 'CTNS', '0.000', '145.00']
['', '', '24 GM X', '30TB X', '20 BAGS', '', '95.00', 'CTNS', '', '', '', '0.000', '95.00']
['', '', '', '', '', '', '', '', '', '', '', '', '50.00', '34.5']
['430', 'DD143', 'VT BOT GAO', '', '', '', '1', 'EACH', '16.00', 'per', 'CTNS', '0.000', '16.00']
['', '', '16 OZ X', '20', '', '', '11.26', 'EACH', '', '', '', '0.000', '11.26']
['', '', '', '', '', '', '', '', '', '', '', '', '4.74', '29.6']
['440', 'DD144', 'VT BOT NEP', '', '', '', '1', 'CTNS', '19.00', 'per', 'CTNS', '0.000', '19.00']
['', '', '14 OZ X', '20', '', '', '13.17', 'CTNS', '', '', '', '0.000', '13.17']
['', '', '', '', '', '', '', '', '', '', '', '', '5.83', '30.7']
['450', 'COF104', 'G7 INST COFFE&SUGAR', '', '', '2IN1', '5', 'CTNS', '47.00', 'per', 'CTNS', '0.000', '235.00']
['', '', '16G X', '15 SACH X', '24BX', '', '34.64', 'CTNS', '', '', '', '0.000', '173.20']
['', '', '', '', '', '', '', '', '', '', '', '', '61.80', '26.3']
['470', 'FP149A', 'ANH HONG MAM NEM PHA SAN', '', '', '', '3', 'CTNS', '36.00', 'per', 'CTNS', '0.000', '108.00']
['', '', '12.5 OZ X', '12 BT', '', '', '32.00', 'CTNS', '', '', '', '0.000', '96.00']
['', '', '', '', '', '', '', '', '', '', '', '', '12.00', '11.1']
['', '', '', '', '', '', '', '', '', '', '6.82', '24.4']
['490', 'CF162A', 'AROY-D SUGARCANE', '', '42 OZ', '1', 'CTNS', '28.00', 'per CTNS', '0.000', '28.00']
['Invoice', '#:', '769329', 'Invoice date:', '09/26/18', 'Customer: G042', 'GREEN FARM MARKET (FTV)', 'Sales rep:', '14']
['480', 'CC112A', 'AROY-D UHT COCONUT MILK-L', '', '', '2', 'CTNS', '22.00', 'per CTNS', '0.000', '44.00']
['', '', '33.8Z X', '12', '*1000 ML*', '23.20', 'CTNS', '', '', '0.000', '46.40']
['', '', '', '', '', '', '', '', '', '', '2.40-', '5.5-']
['490', 'CF162A', 'AROY-D SUGARCANE', '', '42 OZ', '1', 'CTNS', '28.00', 'per CTNS', '0.000', '28.00']
['', '', '42 OZ X', '12 CAN', 'IN SYRUP', '21.18', 'CTNS', '', '', '0.000', '21.18']
['', '', '', '', '', '', '', '', '', '', '6.82', '24.4']
['', '', '', '', '', '', '', '', 'Invoice totals:', '', '3871.00']
['', '', '', '', '', '', '', '', '', '', '2749.93']
['', '', '', '', '', '', '', '', '', '', '1121.07', '29.0']
['', '', '', '', '', '', '', '', '', '', '', '107.60', '19.6']
['50', 'PA132', 'PANTAI SHRIMP PASTE W/OIL', '', '', '', '10', 'CTNS', '55.00', 'per CTNS', '0.000', '550.00']
['', '', '', '', '', '', '', '', '', '', '', '29.50', '8.0']
['30', 'MS101', 'AJINOMOTO MSG (BAGS)', '', '', '', '5', 'CTNS', '74.00', 'per CTNS', '0.000', '370.00']
['Invoice', '#:', '769330', 'Invoice date:', '09/26/18', 'Customer: T018', 'TAIWAH TRADING COMPANY', 'Sales rep:', '14']
['', '', '', '', '', '', '', '', '', '', '', '29.50', '8.0']
['40', 'KS103', 'SK BOT TOM & CHUOI CHIEN', '', '', '', '5', 'CTNS', '33.00', 'per CTNS', '0.000', '165.00']
['', '', '12Z/45B temp batter', '', '', '*04', '29.75', 'CTNS', '', '', '0.000', '148.75']
['', '', '', '', '', '', '', '', '', '', '', '16.25', '9.8']
['50', 'PA132', 'PANTAI SHRIMP PASTE W/OIL', '', '', '', '10', 'CTNS', '55.00', 'per CTNS', '0.000', '550.00']
['', '', '7 OZ X', '24', '#2 CHEAP', '10+1', '44.24', 'CTNS', '', '', '0.000', '442.40']
['', '', '', '', '', '', '', '', '', '', '', '107.60', '19.6']
['60', 'PA132', 'PANTAI SHRIMP PASTE W/OIL', '', '', '', '1', 'CTNS', '0.00', 'per CTNS', '0.000', '0.00']
['', '', '7 OZ X', '24', '#2 CHEAP', '10+1', '44.24', 'CTNS', '', '', '0.000', '44.24']
['', '', '', '', '', '', '', '', '', '', '', '44.24-', '0.0']
['', '', '', '', '', '', '', '', '', 'Invoice totals:', '', '1560.00']
['', '', '', '', '', '', '', '', '', '', '', '1420.89']
['', '', '', '', '', '', '', '', '', '', '', '139.11', '8.9']
['Invoice', '#:', '769331', 'Invoice date:', '09/26/18', 'Customer: H222', 'HOA BINH GARDEN GROVE', 'Sales rep:', '14']
['', '', '', '', '', '', '', '', 'Gross-margin', 'Margin-%']
['10', 'COF109C', 'TRUNG NGUYEN COFEE', '', '', '*20PK', '20', 'CTNS', '42.00', 'per CTNS', '0.000', '840.00']
['', '', '20TB X', '24', '3in1', '*TT*', '34.50', 'CTNS', '', '', '0.000', '690.00']
['', '', '', '', '', '', '', '', '', '', '', '150.00', '17.9']
['', '', '', '', '', '', '', '', '', 'Invoice totals:', '', '840.00']
['', '', '', '', '', '', '', '', '', '', '', '690.00']
['', '', '', '', '', '', '', '', '', '', '', '150.00', '17.9']
['', '', '', '', '', '', '', '', '', '15.82', '23.3']
['60', 'PW156', 'BAO LONG KHO TIEU FLAVOR', '', '2', 'CTNS', '34.00', 'per CTNS', '0.000', '68.00']
['', '', '', '', '', '', '', '', '', '7.91', '23.3']
['40', 'PW154A', 'BAO LONG PHA LAU', '', '1', 'CTNS', '34.00', 'per CTNS', '0.000', '34.00']
['', '', '', '', '', '', '', '', '', '7.91', '23.3']
['20', 'PW153', 'BAO LONG LAU THAI LAN', '', '1', 'CTNS', '34.00', 'per CTNS', '0.000', '34.00']
['Invoice', '#:', '769332', 'Invoice date:', '09/26/18', 'Customer: LD', '', 'L.D. FOODS CORP', 'Sales rep:', '5']
['', '', '', '', '', '', '', '', '', '7.91', '23.3']
['40', 'PW154A', 'BAO LONG PHA LAU', '', '1', 'CTNS', '34.00', 'per CTNS', '0.000', '34.00']
['', '', '144 BOX', '*6/7/2020', '26.09', 'CTNS', '', '', '0.000', '26.09']
['', '', '', '', '', '', '', '', '', '7.91', '23.3']
['50', 'PW155', 'BAO LONG VIT TIEM FLAVOR', '', '1', 'EACH', '34.00', 'per CTNS', '0.000', '34.00']
['', '', '144 BOX', '**6/7/2020', '26.09', 'EACH', '', '', '0.000', '26.09']
['', '', '', '', '', '', '', '', '', '7.91', '23.3']
['60', 'PW156', 'BAO LONG KHO TIEU FLAVOR', '', '2', 'CTNS', '34.00', 'per CTNS', '0.000', '68.00']
['', '', '144 BOX', '*6/7/2020', '26.09', 'CTNS', '', '', '0.000', '52.18']
['', '', '', '', '', '', '', '', '', '15.82', '23.3']
['70', 'PW161', 'BAO LONG MANG VIT FLAVOUR', '', '1', 'CTNS', '34.00', 'per CTNS', '0.000', '34.00']
['', '', '144 BOX', '*6/7/2020', '26.09', 'CTNS', '', '', '0.000', '26.09']
['', '', '', '', '', '', '', '', '', '7.91', '23.3']
['', '', '', '', '', '', '', 'Invoice totals:', '', '272.00']
['', '', '', '', '', '', '', '', '', '208.72']
['', '', '', '', '', '', '', '', '', '63.28', '23.3']
['', '', '', '', '', '', '', '', '', '', '4.64', '17.6']
['20', 'SS107A', 'CJ KALBI RIB SAUCE', '', '*S*', '1', 'CTNS', '26.36', 'per CTNS', '0.000', '26.36']
['Invoice', '#:', '769333', 'Invoice date:', '09/26/18', 'Customer: TK', '', 'SAN YOUNG MARKET, INC.', 'Sales rep:', '14']
['', '', '', '', '', '', '', '', '', '', '81.40', '25.0']
['20', 'SS107A', 'CJ KALBI RIB SAUCE', '', '*S*', '1', 'CTNS', '26.36', 'per CTNS', '0.000', '26.36']
['', '', '16.9 OZ X', '12', '', '21.72', 'CTNS', '', '', '0.000', '21.72']
['', '', '', '', '', '', '', '', '', '', '4.64', '17.6']
['50', 'COF109BB', 'TRUNG NGUYEN X2 GU', '', '3in1', '5', 'CTNS', '49.00', 'per CTNS', '0.000', '245.00']
['', '', '6.7 OZ X', '24 BOX MANH', '', '36.32', 'CTNS', '', '', '0.000', '181.60']
['', '', '', '', '', '', '', '', '', '', '63.40', '25.9']
['', '', '', '', '', '', '', '', 'Invoice totals:', '', '596.36']
['', '', '', '', '', '', '', '', '', '', '446.92']
['', '', '', '', '', '', '', '', '', '', '149.44', '25.1']
['', '', '', '', '', '', '', '', '', '', '', '136.20-', '0.0']
['120', 'MS101', 'AJINOMOTO MSG (BAGS)', '', '', '2', 'CTNS', '0.00', 'per', 'CTNS', '0.000', '0.00']
['', '', '', '', '', '', '', '', '', '', '', '14.50', '34.5']
['100', 'SS190D', 'MAGGI SOYSAUCE VN DARK LG', '', '', '2', 'CTNS', '21.00', 'per', 'CTNS', '0.000', '42.00']
['', '', '', '', '', '', '', '', '', '', '', '4.00', '10.5']
['60', 'SE100', 'MEIWEI SESAME OIL', '', '16oz', '1', 'CTNS', '38.00', 'per', 'CTNS', '0.000', '38.00']
['', '', '', '', '', '', '', '', '', '', '', '48.00', '29.6']
['40', 'NT130', 'LAL RED PEANUT', '', '', '3', 'CTNS', '54.00', 'per', 'CTNS', '0.000', '162.00']
['', '', '', '', '', '', '', '', '', '', '', '8.00', '11.1']
['20', 'FP149A', 'ANH HONG MAM NEM PHA SAN', '', '', '2', 'CTNS', '36.00', 'per CTNS', '', '0.000', '72.00']
['Invoice', '#:', '769334', 'Invoice date:', '09/26/18', 'Customer: MOM', 'MOM SUPERMARKET', 'Sales rep:', '14']
['50', 'CI130A', 'LAL FRIED CHILI PASTE HOT', '', '', '1', 'CTNS', '77.00', 'per', 'CTNS', '0.000', '77.00']
['', '', '14 OZ X', '24 JARS', '*THAI*', '51.45', 'CTNS', '', '', '', '0.000', '51.45']
['', '', '', '', '', '', '', '', '', '', '', '25.55', '33.2']
['60', 'SE100', 'MEIWEI SESAME OIL', '', '16oz', '1', 'CTNS', '38.00', 'per', 'CTNS', '0.000', '38.00']
['', '', '16 OZ X', '12 BT', '*YELLOW*', '34.00', 'CTNS', '', '', '', '0.000', '34.00']
['', '', '', '', '', '', '', '', '', '', '', '4.00', '10.5']
['90', 'SS190B', 'MAGGI SOY SAUCE VN LARGE', '', '', '3', 'CTNS', '20.00', 'per', 'CTNS', '0.000', '60.00']
['', '', '700 ML X', '12 BT', '*YELLOW*', '12.00', 'CTNS', '', '', '', '0.000', '36.00']
['', '', '', '', '', '', '', '', '', '', '', '24.00', '40.0']
['100', 'SS190D', 'MAGGI SOYSAUCE VN DARK LG', '', '', '2', 'CTNS', '21.00', 'per', 'CTNS', '0.000', '42.00']
['', '', '700ML X', '12 BT', '*DAM DAC*', '13.75', 'CTNS', '', '', '', '0.000', '27.50']
['', '', '', '', '', '', '', '', '', '', '', '14.50', '34.5']
['110', 'FR271', 'FR. AROY-D DURIAN', '', '*BOX*', '1', 'CTNS', '260.00', 'per', 'CTNS', '0.000', '260.00']
['', '', '16 OZ X', '24 BOX SEEDLESS', '', '173.69', 'CTNS', '', '', '', '0.000', '173.69']
['', '', '', '', '', '', '', '', '', '', '', '86.31', '33.2']
['120', 'MS101', 'AJINOMOTO MSG (BAGS)', '', '', '2', 'CTNS', '0.00', 'per', 'CTNS', '0.000', '0.00']
['', '', '16 OZ X', '48 BAGS', '[C30]', '68.10', 'CTNS', '', '', '', '0.000', '136.20']
['', '', '', '', '', '', '', '', '', '', '', '136.20-', '0.0']
['130', 'FR710B', 'FR. COOK UNPEEL CORN', '', '3 PC', '12', 'CTNS', '35.00', 'per', 'CTNS', '0.000', '420.00']
['', '', '27 OZ X', '24 BAG', '*LAL FARM*', '25.68', 'CTNS', '', '', '', '0.000', '308.16']
['', '', '', '', '', '', '', '', '', '', '', '111.84', '26.6']
['', '', '', '', '', '', '', '', '', '', '', '', '2.50', '12.5']
['250', 'NO249B', 'MI BINH TAY', '', '2 CUA', '*10 PK*', '1', 'CTNS', '20.00', 'per', 'CTNS', '0.000', '20.00']
['', '', '', '', '', '', '', '', '', '', '', '', '4.74', '29.6']
['220', 'DD143', 'VT BOT GAO', '', '', '', '1', 'EACH', '16.00', 'per', 'CTNS', '0.000', '16.00']
['', '', '', '', '', '', '', '', '', '', '', '', '7.19', '28.8']
['200', 'DD147C', 'VT BOT BANH XEO/COCONUT', '', '', '', '1', 'CTNS', '25.00', 'per', 'CTNS', '0.000', '25.00']
['', '', '', '', '', '', '', '', '', '', '', '', '5.23', '32.7']
['170', 'DD152', 'VT BOT BANH BAO dumling', '', '', '', '1', 'CTNS', '16.00', 'per', 'CTNS', '0.000', '16.00']
['', '', '', '', '', '', '', '', '', '', '', '', '4.79', '22.8']
['150', 'DD141', 'VT BOT BANH XEO', '', '', '', '1', 'CTNS', '21.00', 'per CTNS', '', '0.000', '21.00']
['Invoice', '#:', '769334', 'Invoice date:', '09/26/18', 'Customer: MOM', 'MOM SUPERMARKET', 'Sales rep:', '14']
['180', 'DD155', 'MIKKO BOT BANH BAO MJ-535', '', '', '', '1', 'CTNS', '50.00', 'per', 'CTNS', '0.000', '50.00']
['', '', '14 OZ X', '50', '', '', '39.95', 'CTNS', '', '', '', '0.000', '39.95']
['', '', '', '', '', '', '', '', '', '', '', '', '10.05', '20.1']
['200', 'DD147C', 'VT BOT BANH XEO/COCONUT', '', '', '', '1', 'CTNS', '25.00', 'per', 'CTNS', '0.000', '25.00']
['', '', '14.1 OZ X', '30 BAG', '', '', '17.81', 'CTNS', '', '', '', '0.000', '17.81']
['', '', '', '', '', '', '', '', '', '', '', '', '7.19', '28.8']
['210', 'DD144', 'VT BOT NEP', '', '', '', '1', 'CTNS', '19.00', 'per', 'CTNS', '0.000', '19.00']
['', '', '14 OZ X', '20', '', '', '13.17', 'CTNS', '', '', '', '0.000', '13.17']
['', '', '', '', '', '', '', '', '', '', '', '', '5.83', '30.7']
['220', 'DD143', 'VT BOT GAO', '', '', '', '1', 'EACH', '16.00', 'per', 'CTNS', '0.000', '16.00']
['', '', '16 OZ X', '20', '', '', '11.26', 'EACH', '', '', '', '0.000', '11.26']
['', '', '', '', '', '', '', '', '', '', '', '', '4.74', '29.6']
['230', 'NO248C', 'LA BO DE MI CHAY', '', '', '*10PK*', '2', 'CTNS', '20.00', 'per', 'CTNS', '0.000', '40.00']
['', '', '10 PACK X', '10 BAGS', '', '', '17.50', 'CTNS', '', '', '', '0.000', '35.00']
['', '', '', '', '', '', '', '', '', '', '', '', '5.00', '12.5']
['250', 'NO249B', 'MI BINH TAY', '', '2 CUA', '*10 PK*', '1', 'CTNS', '20.00', 'per', 'CTNS', '0.000', '20.00']
['', '', '70 GR X', '100 BG', '', '*2 CRAB*', '17.50', 'CTNS', '', '', '', '0.000', '17.50']
['', '', '', '', '', '', '', '', '', '', '', '', '2.50', '12.5']
['270', 'COF109BB', 'TRUNG NGUYEN X2 GU', '', '', '3in1', '1', 'CTNS', '54.00', 'per', 'CTNS', '0.000', '54.00']
['', '', '6.7 OZ X', '24 BOX MANH', '', '', '36.32', 'CTNS', '', '', '', '0.000', '36.32']
['', '', '', '', '', '', '', '', '', '', '', '', '17.68', '32.7']
['', '', '', '', '', '', '', '', '', '', '', '', '117.50', '100.0']
['370', 'BS111B', 'LC WHITE ASPARAGUS SPEARS', '', '', '', '5', 'CTNS', '23.50', 'per', 'CTNS', '0.000', '117.50']
['', '', '', '', '', '', '', '', '', '', '', '', '8.40', '32.3']
['350', 'BR105', 'LAL SPICY CRAB SOUP', '', '', '[A12]', '1', 'CTNS', '26.00', 'per', 'CTNS', '0.000', '26.00']
['', '', '', '', '', '', '', '', '', '', '', '', '2.40-', '5.5-']
['330', 'CC112A', 'AROY-D UHT COCONUT MILK-L', '', '', '', '2', 'CTNS', '22.00', 'per', 'CTNS', '0.000', '44.00']
['', '', '', '', '', '', '', '', '', '', '', '', '24.05', '32.5']
['310', 'DV200', 'LAL COOKING TAMARIND', '', '', '', '1', 'CTNS', '74.00', 'per', 'CTNS', '0.000', '74.00']
['', '', '', '', '', '', '', '', '', '', '', '', '29.16', '20.7']
['290', 'COF107B', 'NESCAFE VIET', '', '2n1', '*DEN BOX', '3', 'CTNS', '47.00', 'per CTNS', '', '0.000', '141.00']
['Invoice', '#:', '769334', 'Invoice date:', '09/26/18', 'Customer: MOM', 'MOM SUPERMARKET', 'Sales rep:', '14']
['320', 'CC113', 'AROY-D UHT COCONUT CREAM', '', '', '', '2', 'CTNS', '23.00', 'per', 'CTNS', '0.000', '46.00']
['', '', '33.8Z X', '12 PACK', '', '*1000ML*', '19.50', 'CTNS', '', '', '', '0.000', '39.00']
['', '', '', '', '', '', '', '', '', '', '', '', '7.00', '15.2']
['330', 'CC112A', 'AROY-D UHT COCONUT MILK-L', '', '', '', '2', 'CTNS', '22.00', 'per', 'CTNS', '0.000', '44.00']
['', '', '33.8Z X', '12', '*1000 ML*', '', '23.20', 'CTNS', '', '', '', '0.000', '46.40']
['', '', '', '', '', '', '', '', '', '', '', '', '2.40-', '5.5-']
['340', 'HL104', 'OX & PALM CORNED BEEF', '', '', '*L*', '1', 'CTNS', '108.00', 'per', 'CTNS', '0.000', '108.00']
['', '', '15 OZ X', '24', 'CHUNKY', '', '98.00', 'CTNS', '', '', '', '0.000', '98.00']
['', '', '', '', '', '', '', '', '', '', '', '', '10.00', '9.3']
['350', 'BR105', 'LAL SPICY CRAB SOUP', '', '', '[A12]', '1', 'CTNS', '26.00', 'per', 'CTNS', '0.000', '26.00']
['', '', '28 OZ/24', 'BUN RIEU CUA', '', '', '17.60', 'CTNS', '', '', '', '0.000', '17.60']
['', '', '', '', '', '', '', '', '', '', '', '', '8.40', '32.3']
['360', 'BS111A', 'NARCISSUS ASPARAGUS', '', '*L*', '', '5', 'EACH', '23.50', 'per', 'CTNS', '0.000', '117.50']
['', '', '28.5OZ X', '12', '*L CROWN', '', '23.33', 'EACH', '', '', '', '0.000', '116.65']
['', '', '', '', '', '', '', '', '', '', '', '', '0.85', '0.7']
['370', 'BS111B', 'LC WHITE ASPARAGUS SPEARS', '', '', '', '5', 'CTNS', '23.50', 'per', 'CTNS', '0.000', '117.50']
['', '', '12z[370ml] X', '', '12 peel', '', '0.00', 'CTNS', '', '', '', '0.000', '0.00']
['', '', '', '', '', '', '', '', '', '', '', '', '117.50', '100.0']
['390', 'CF161', 'LAL QUAIL EGGS trung cuc', '', '', '', '1', 'CTNS', '36.00', 'per', 'CTNS', '0.000', '36.00']
['', '', '15 OZ X', '24 CANS', '10+1', '', '31.00', 'CTNS', '', '', '', '0.000', '31.00']
['', '', '', '', '', '', '', '', '', '', '', '', '5.00', '13.9']
['', '', '', '', '', '', '', '', '', '', '14.00', '25.5']
['460', 'PA143AA', 'LAL CRAB PASTE W SOYB OIL', '', '', '1', 'CTNS', '55.00', 'per CTNS', '0.000', '55.00']
['', '', '', '', '', '', '', '', '', '', '8.00', '22.9']
['440', 'CF321', 'LAL LONGAN IN SYRUP', '', '[B19]', '1', 'CTNS', '35.00', 'per CTNS', '0.000', '35.00']
['Invoice', '#:', '769334', 'Invoice date:', '09/26/18', 'Customer: MOM', 'MOM SUPERMARKET', 'Sales rep:', '14']
['440', 'CF321', 'LAL LONGAN IN SYRUP', '', '[B19]', '1', 'CTNS', '35.00', 'per CTNS', '0.000', '35.00']
['', '', '20 OZ. X', '', '24 CANS', '27.00', 'CTNS', '', '', '0.000', '27.00']
['', '', '', '', '', '', '', '', '', '', '8.00', '22.9']
['450', 'PA143BB', 'LAL SHRIMP PASTE SOYB OIL', '', '', '1', 'CTNS', '55.00', 'per CTNS', '0.000', '55.00']
['', '', '7 OZ X', '24', '*GACH TOM*', '41.00', 'CTNS', '', '', '0.000', '41.00']
['', '', '', '', '', '', '', '', '', '', '14.00', '25.5']
['460', 'PA143AA', 'LAL CRAB PASTE W SOYB OIL', '', '', '1', 'CTNS', '55.00', 'per CTNS', '0.000', '55.00']
['', '', '7 OZ X', '24 JARS', '', '41.00', 'CTNS', '', '', '0.000', '41.00']
['', '', '', '', '', '', '', '', '', '', '14.00', '25.5']
['', '', '', '', '', '', '', '', 'Invoice totals:', '', '2756.45']
['', '', '', '', '', '', '', '', '', '', '2180.70']
['', '', '', '', '', '', '', '', '', '', '575.75', '20.9']
['', '', '', '', '', '', '', '', '', '', '', '1.30', '10.0']
['80', 'BR116A', 'NEW CHOICE VEGETABLE SOUP', '', '', '2', 'CTNS', '6.50', 'per', 'CTNS', '0.000', '13.00']
['', '', '', '', '', '', '', '', '', '', '', '3.00', '10.3']
['60', 'BR115A', 'NEW CHOICE CHICKEN NO MSG', '', '', '5', 'CTNS', '5.80', 'per', 'CTNS', '0.000', '29.00']
['', '', '', '', '', '', '', '', '', '', '', '37.50', '10.2']
['40', 'RS243', 'QH BUN TUOI DAC BIET', '', '#802', '5', 'CTNS', '73.50', 'per', 'CTNS', '0.000', '367.50']
['', '', '', '', '', '', '', '', '', '', '', '3.00', '11.8']
['20', 'NO148A', 'GOOD SPARERIBS VERMICELLI', '', '', '1', 'CTNS', '25.50', 'per CTNS', '', '0.000', '25.50']
['Invoice', '#:', '769335', 'Invoice date:', '09/26/18', 'Customer: NEW', 'NEW BANGLUCK MKT', 'Sales rep:', '15']
['', '', '', '', '', '', '', '', '', '', '', '37.50', '10.2']
['50', 'BR115', 'NEW CHOICE CHICKEN BROTH', '', '', '5', 'CTNS', '5.80', 'per', 'CTNS', '0.000', '29.00']
['', '', '14 OZ X', '12 CAN soup ga', '', '5.20', 'CTNS', '', '', '', '0.000', '26.00']
['', '', '', '', '', '', '', '', '', '', '', '3.00', '10.3']
['60', 'BR115A', 'NEW CHOICE CHICKEN NO MSG', '', '', '5', 'CTNS', '5.80', 'per', 'CTNS', '0.000', '29.00']
['', '', '14 OZ X', '12 CANS', 'BROTH', '5.20', 'CTNS', '', '', '', '0.000', '26.00']
['', '', '', '', '', '', '', '', '', '', '', '3.00', '10.3']
['70', 'BR116', 'NEW CHOICE BEEF BROTH', '', '14z', '1', 'CTNS', '6.50', 'per', 'CTNS', '0.000', '6.50']
['', '', '14 OZ X', '12 CAN', 'soup bo', '5.85', 'CTNS', '', '', '', '0.000', '5.85']
['', '', '', '', '', '', '', '', '', '', '', '0.65', '10.0']
['80', 'BR116A', 'NEW CHOICE VEGETABLE SOUP', '', '', '2', 'CTNS', '6.50', 'per', 'CTNS', '0.000', '13.00']
['', '', '14 OZ X', '12 CAN SOUP CHAY', '', '5.85', 'CTNS', '', '', '', '0.000', '11.70']
['', '', '', '', '', '', '', '', '', '', '', '1.30', '10.0']
['90', 'SL100B', 'MORTON IODIZED SALT', '', '', '2', 'CTNS', '18.50', 'per', 'CTNS', '0.000', '37.00']
['', '', '26 OZ X', '24 CAN', '', '15.99', 'CTNS', '', '', '', '0.000', '31.98']
['', '', '', '', '', '', '', '', '', '', '', '5.02', '13.6']
['', '', '', '', '', '', '', '', '', 'Invoice', 'totals:', '558.50']
['', '', '', '', '', '', '', '', '', '', '', '499.03']
['', '', '', '', '', '', '', '', '', '', '', '59.47', '10.6']
['', '', '', '', '', '', '', '', '', '', '', '8.00', '22.9']
['100', 'CF222', '', 'AROY-D LONGAN IN SYRUP', '', '', '1', 'CTNS', '35.00', 'per CTNS', '0.000', '35.00']
['', '', '', '', '', '', '', '', '', '', '', '250.50', '33.4']
['80', 'DV200', 'LAL COOKING TAMARIND', '', '', '', '10', 'CTNS', '75.00', 'per CTNS', '0.000', '750.00']
['', '', '24 OZ X', '12 BT', '', '', '33.50', 'CTNS', '', '', '0.000', '167.50']
['60', '', 'INTRODUCTORY', '', '*SPECIAL', '', 'PRICE* NEW CUSTOMER']
['', '', '', '', '', '', '', '', '', '', '', '120.00', '100.0']
['40', 'CRV001', 'CRV', '/ ALUMINUM CANNED', '', '', '100', 'CTNS', '1.20', 'per CTNS', '0.000', '120.00']
['', '', '', '', '', '', '', '', '', '', '', '510.00', '20.2']
['20', 'COF109AA', 'TRUNG NGUYEN COFEE', '', '', '*100ST', '60', 'CTNS', '42.00', 'per CTNS', '0.000', '2520.00']
['Invoice', '#:', '769336', 'Invoice date:', '09/26/18', 'Customer: F004', 'FRESH CHOICE MARKETPLACE', 'Sales rep:', '14']
['', '', '', '', '', '', '', '', '', '', '', '120.00', '100.0']
['50', 'CI120', 'SRIRACHA CHILI SAUCE', '', '', '*L*', '105', 'CTNS', '22.85', 'per CTNS', '0.000', '2399.25']
['', '', '28 OZ X', '12 BTL', '[C3]', '', '21.00', 'CTNS', '', '', '0.000', '2205.00']
['', '', '', '', '', '', '', '', '', '', '', '194.25', '8.1']
['60', '', 'INTRODUCTORY', '', '*SPECIAL', '', 'PRICE* NEW CUSTOMER']
['70', 'FS220', '3 CRAB FISH SAUCE', '', '', '', '5', 'CTNS', '35.00', 'per CTNS', '0.000', '175.00']
['', '', '24 OZ X', '12 BT', '', '', '33.50', 'CTNS', '', '', '0.000', '167.50']
['', '', '', '', '', '', '', '', '', '', '', '7.50', '4.3']
['80', 'DV200', 'LAL COOKING TAMARIND', '', '', '', '10', 'CTNS', '75.00', 'per CTNS', '0.000', '750.00']
['', '', '14 OZ X', '50 BAGS', '', '', '49.95', 'CTNS', '', '', '0.000', '499.50']
['', '', '', '', '', '', '', '', '', '', '', '250.50', '33.4']
['90', 'CF211', 'AROY-D LYCHEE SYRUP', '', '', '', '1', 'CTNS', '42.00', 'per CTNS', '0.000', '42.00']
['', '', '20 OZ X', '24', '', '', '28.85', 'CTNS', '', '', '0.000', '28.85']
['', '', '', '', '', '', '', '', '', '', '', '13.15', '31.3']
['100', 'CF222', '', 'AROY-D LONGAN IN SYRUP', '', '', '1', 'CTNS', '35.00', 'per CTNS', '0.000', '35.00']
['', '', '20 OZ. X', '24 CANS', '', '', '27.00', 'CTNS', '', '', '0.000', '27.00']
['', '', '', '', '', '', '', '', '', '', '', '8.00', '22.9']
['110', 'CF161', '', 'LAL QUAIL EGGS trung cuc', '', '', '1', 'CTNS', '34.00', 'per CTNS', '0.000', '34.00']
['', '', '15 OZ X', '24 CANS', '', '', '31.00', 'CTNS', '', '', '0.000', '31.00']
['', '', '', '', '', '', '', '', '', '', '', '3.00', '8.8']
['', '', '', '', '', '', '', '', '', '', '', '', '108.00', '13.8']
['220', 'COF161', 'VINA 3IN1 CAFE', '', '', '*20 SACH*', '20', 'CTNS', '39.00', 'per', 'CTNS', '0.000', '780.00']
['', '', '', '', '', '', '', '', '', '', '', '', '5.23', '32.7']
['190', 'DD152', 'VT BOT BANH BAO dumling', '', '', '', '1', 'CTNS', '16.00', 'per', 'CTNS', '0.000', '16.00']
['', '', '', '', '', '', '', '', '', '', '', '', '9.65', '25.4']
['170', 'DD156', 'MIKKO BOT BANH XEO', '', '', '40BAG', '1', 'CTNS', '38.00', 'per', 'CTNS', '0.000', '38.00']
['', '', '', '', '', '', '', '', '', '', '', '', '74.00', '20.0']
['150', 'SU110', 'ROCK CANDY', '', '*BOX*', '', '10', 'CTNS', '37.00', 'per', 'CTNS', '0.000', '370.00']
['', '', '', '', '', '', '', '', '', '', '', '', '4.50', '18.8']
['130', 'CC113', 'AROY-D UHT COCONUT CREAM', '', '', '', '1', 'CTNS', '24.00', 'per CTNS', '', '0.000', '24.00']
['Invoice', '#:', '769336', 'Invoice date:', '09/26/18', 'Customer: F004', 'FRESH CHOICE MARKETPLACE', 'Sales rep:', '14']
['160', 'SU111', 'LUCKY C BROWN CANDY', '', '', '', '1', 'CTNS', '35.00', 'per', 'CTNS', '0.000', '35.00']
['', '', '16 OZ X', '50 BAGS', '', '*NEW*', '30.95', 'CTNS', '', '', '', '0.000', '30.95']
['', '', '', '', '', '', '', '', '', '', '', '', '4.05', '11.6']
['170', 'DD156', 'MIKKO BOT BANH XEO', '', '', '40BAG', '1', 'CTNS', '38.00', 'per', 'CTNS', '0.000', '38.00']
['', '', '17.63 OZ/40 BAGS', '', '', '', '28.35', 'CTNS', '', '', '', '0.000', '28.35']
['', '', '', '', '', '', '', '', '', '', '', '', '9.65', '25.4']
['180', 'DD141', 'VT BOT BANH XEO', '', '', '', '1', 'CTNS', '22.00', 'per', 'CTNS', '0.000', '22.00']
['', '', '14 OZ X', '30', '', '', '16.21', 'CTNS', '', '', '', '0.000', '16.21']
['', '', '', '', '', '', '', '', '', '', '', '', '5.79', '26.3']
['190', 'DD152', 'VT BOT BANH BAO dumling', '', '', '', '1', 'CTNS', '16.00', 'per', 'CTNS', '0.000', '16.00']
['', '', '14 OZ X', '20', 'BAG', 'flour', '10.77', 'CTNS', '', '', '', '0.000', '10.77']
['', '', '', '', '', '', '', '', '', '', '', '', '5.23', '32.7']
['200', 'DD142', 'VT BOT BANH CUON', '', '', '', '1', 'EACH', '16.00', 'per', 'CTNS', '0.000', '16.00']
['', '', '14 OZ X', '20 BG rice roll', '', '', '11.56', 'EACH', '', '', '', '0.000', '11.56']
['', '', '', '', '', '', '', '', '', '', '', '', '4.44', '27.8']
['220', 'COF161', 'VINA 3IN1 CAFE', '', '', '*20 SACH*', '20', 'CTNS', '39.00', 'per', 'CTNS', '0.000', '780.00']
['', '', '14 OZ X', '20 TB X', '', '20BG', '33.60', 'CTNS', '', '', '', '0.000', '672.00']
['', '', '', '', '', '', '', '', '', '', '', '', '108.00', '13.8']
['240', 'PW239', 'TOTOLE CHICKEN BOUILLON S', '', '', '', '1', 'CTNS', '75.00', 'per', 'CTNS', '0.000', '75.00']
['', '', '16 OZ X', '24 CAN', '', '', '68.00', 'CTNS', '', '', '', '0.000', '68.00']
['', '', '', '', '', '', '', '', '', '', '', '', '7.00', '9.3']
['', '', '', '', '', '', '', '', '', '', '', '', '11.00', '34.4']
['320', 'RS139', 'NP BUN BO HUE', '', '', '', '1', 'CTNS', '32.00', 'per', 'CTNS', '0.000', '32.00']
['', '', '', '', '', '', '', '', '', '', '', '', '24.00', '100.0']
['300', 'BS111B', 'LC WHITE ASPARAGUS SPEARS', '', '', '', '1', 'CTNS', '24.00', 'per', 'CTNS', '0.000', '24.00']
['', '', '', '', '', '', '', '', '', '', '', '', '12.57', '25.1']
['280', 'COF109B', 'NESCAFE VIET', '', '3n1', '*SUA DA', '1', 'CTNS', '50.00', 'per', 'CTNS', '0.000', '50.00']
['', '', '', '', '', '', '', '', '', '', '', '', '2.90', '8.5']
['260', 'SS201', 'KNORR SEASONING SCE', '', '', '8.5oz', '1', 'CTNS', '34.00', 'per CTNS', '', '0.000', '34.00']
['Invoice', '#:', '769336', 'Invoice date:', '09/26/18', 'Customer: F004', 'FRESH CHOICE MARKETPLACE', 'Sales rep:', '14']
['280', 'COF109B', 'NESCAFE VIET', '', '3n1', '*SUA DA', '1', 'CTNS', '50.00', 'per', 'CTNS', '0.000', '50.00']
['', '', '280G/24 EXP:11/19/19', '', '', '', '37.43', 'CTNS', '', '', '', '0.000', '37.43']
['', '', '', '', '', '', '', '', '', '', '', '', '12.57', '25.1']
['290', 'BS111A', 'NARCISSUS ASPARAGUS', '', '', '*L*', '1', 'EACH', '24.00', 'per', 'CTNS', '0.000', '24.00']
['', '', '28.5OZ X', '12', '*L CROWN', '', '23.33', 'EACH', '', '', '', '0.000', '23.33']
['', '', '', '', '', '', '', '', '', '', '', '', '0.67', '2.8']
['300', 'BS111B', 'LC WHITE ASPARAGUS SPEARS', '', '', '', '1', 'CTNS', '24.00', 'per', 'CTNS', '0.000', '24.00']
['', '', '12z[370ml] X', '', '12 peel', '', '0.00', 'CTNS', '', '', '', '0.000', '0.00']
['', '', '', '', '', '', '', '', '', '', '', '', '24.00', '100.0']
['310', 'COF130', 'CAFE DU MONDE', '', '', '', '1', 'CTNS', '98.00', 'per', 'CTNS', '0.000', '98.00']
['', '', '15 OZ X', '24 CANS', '', '[D31]', '89.00', 'CTNS', '', '', '', '0.000', '89.00']
['', '', '', '', '', '', '', '', '', '', '', '', '9.00', '9.2']
['320', 'RS139', 'NP BUN BO HUE', '', '', '', '1', 'CTNS', '32.00', 'per', 'CTNS', '0.000', '32.00']
['', '', '2 LBS X', '20 BAGS', '', '', '21.00', 'CTNS', '', '', '', '0.000', '21.00']
['', '', '', '', '', '', '', '', '', '', '', '', '11.00', '34.4']
['', '', '', '', '', '', '', '', '', '', 'Invoice', 'totals:', '9541.75']
['', '', '', '', '', '', '', '', '', '', '', '', '8009.03']
['', '', '', '', '', '', '', '', '', '', '', '', '1532.72', '16.1']
['', '', '', '', '', '', '', '', '', '', '', '', '', '', '', '', '267.60', '6.8']
['20', 'RP111A', '', 'BANH TRANG MY THO', '', '', '', '*25CM*', '120', 'CTNS', '', '33.00', 'per CTNS', '', '', '0.000', '3960.00']
['Invoice', '#:', '769337', 'Invoice date:', '', '', '09/25/18', '', 'Customer: H035', '', 'HONG LEE TRADING, INC.', '', '', '', 'Sales rep:', '11']
['', '', '', '', '', '', '', '', '', '', '', '', '', '', '', '', '446.40', '11.3']
['20', 'RP111A', '', 'BANH TRANG MY THO', '', '', '', '*25CM*', '120', 'CTNS', '', '33.00', 'per CTNS', '', '', '0.000', '3960.00']
['', '', '', '12 OZ X', '44 BAGS', '', '', '[I42]', '30.77', 'CTNS', '', '', '', '', '', '0.000', '3692.40']
['', '', '', '', '', '', '', '', '', '', '', '', '', '', '', '', '267.60', '6.8']
['30', 'UT818', '', 'PALLET', '', '', '', '', '4', 'CTNS', '', '7.50', 'per CTNS', '', '', '0.000', '30.00']
['', '', '', 'EACH', '', '', '', '', '5.75', 'CTNS', '', '', '', '', '', '0.000', '23.00']
['', '', '', '', '', '', '', '', '', '', '', '', '', '', '', '', '7.00', '23.3']
['', '', '', '', '', '', '', '', '', '', '', '', '', 'Invoice totals:', '', '', '7950.00']
['', '', '', '', '', '', '', '', '', '', '', '', '', '', '', '', '7229.00']
['', '', '', '', '', '', '', '', '', '', '', '', '', '', '', '', '721.00', '9.1']
['', '', '', '', '', '', '', '', '', '', '', '', '', '', '', '', '6.50', '10.5']
['110', 'NO243', '', 'ACECOOK MI LAU THAI TOMYU', '', '', '', '', '2', 'BDL', '', '31.00', 'per', 'BDL', '', '0.000', '62.00']
['', '', '', '', '', '', '', '', '', '', '', '', '', '', '', '', '64.50', '26.9']
['90', 'PW621A', '', 'THUAN P SUONG SAO', '', '', '', '*BLACK*', '3', 'CTNS', '', '80.00', 'per', 'CTNS', '', '0.000', '240.00']
['', '', '', '', '', '', '', '', '', '', '', '', '', '', '', '', '43.80', '30.4']
['70', 'FR310D', '', 'FR. LEMON GRASS', '', '', '', '*32 OZ*', '3', 'CTNS', '', '48.00', 'per', 'CTNS', '', '0.000', '144.00']
['', '', '', '', '', '', '', '', '', '', '', '', '', '', '', '', '7.00', '15.2']
['40', 'FR363', '', 'FR. PERIWINKLE', '', '', '', '*THIT OC', '1', 'CTNS', '', '46.00', 'per', 'CTNS', '', '0.000', '46.00']
['', '', '', '', '', '', '', '', '', '', '', '', '', '', '', '', '184.00', '28.8']
['20', 'FR710A', '', 'FR. COOK UNPEEL CORN', '', '', '', '2 PC', '20', 'CTNS', '', '32.00', 'per CTNS', '', '', '0.000', '640.00']
['Invoice', '#:', '769338', 'Invoice date:', '', '', '09/25/18', '', 'Customer: A005', '', 'AN BIEN USA,INC.', '', '', '', 'Sales rep:', '5']
['50', 'FR281A', '', 'FR. BANH BIA DAU XANH', '', '', '', '', '5', 'CTNS', '', '83.00', 'per', 'CTNS', '', '0.000', '415.00']
['', '', '', '4 PCS X', '30 BAGS', '', '', '& SR', '75.00', 'CTNS', '', '', '', '', '', '0.000', '375.00']
['', '', '', '', '', '', '', '', '', '', '', '', '', '', '', '', '40.00', '9.6']
['70', 'FR310D', '', 'FR. LEMON GRASS', '', '', '', '*32 OZ*', '3', 'CTNS', '', '48.00', 'per', 'CTNS', '', '0.000', '144.00']
['', '', '', '32 OZ X', '', '20B (XA BAM)*LAL*', '', '', '33.40', 'CTNS', '', '', '', '', '', '0.000', '100.20']
['', '', '', '', '', '', '', '', '', '', '', '', '', '', '', '', '43.80', '30.4']
['80', 'DV227A', '', 'AFC FRESH FU PUI', '', '', '', '*L*', '2', 'CTNS', '', '123.00', 'per', 'CTNS', '', '0.000', '246.00']
['', '', '', '16 OZ X', '20 BAGS', '', '', '', '110.00', 'CTNS', '', '', '', '', '', '0.000', '220.00']
['', '', '', '', '', '', '', '', '', '', '', '', '', '', '', '', '26.00', '10.6']
['90', 'PW621A', '', 'THUAN P SUONG SAO', '', '', '', '*BLACK*', '3', 'CTNS', '', '80.00', 'per', 'CTNS', '', '0.000', '240.00']
['', '', '', '50 G X', '100 BG GRASS JELLY', '', '', '', '58.50', 'CTNS', '', '', '', '', '', '0.000', '175.50']
['', '', '', '', '', '', '', '', '', '', '', '', '', '', '', '', '64.50', '26.9']
['100', 'PW490B', '', 'DRAGON JELLY POWDER bot', '', '', '', '', '1', 'CTNS', '', '100.00', 'per', 'CTNS', '', '0.000', '100.00']
['', '', '', '12 BAG X', '20', '', 'rau cau', '10+1', '72.81', 'CTNS', '', '', '', '', '', '0.000', '72.81']
['', '', '', '', '', '', '', '', '', '', '', '', '', '', '', '', '27.19', '27.2']
['110', 'NO243', '', 'ACECOOK MI LAU THAI TOMYU', '', '', '', '', '2', 'BDL', '', '31.00', 'per', 'BDL', '', '0.000', '62.00']
['', '', '', '30 BAGS X', '3 BOX', '', '', '[J11]', '27.75', 'BDL', '', '', '', '', '', '0.000', '55.50']
['', '', '', '', '', '', '', '', '', '', '', '', '', '', '', '', '6.50', '10.5']
['120', 'NO240A', '', 'HAO HAO ONION SATE', '', '', '', '*BAG*', '1', 'BDL', '', '24.00', 'per', 'BDL', '', '0.000', '24.00']
['', '', '', '30 BAG X', '3 BOX', '', '', '[J31]', '21.75', 'BDL', '', '', '', '', '', '0.000', '21.75']
['', '', '', '', '', '', '', '', '', '', '', '', '', '', '', '', '2.25', '9.4']
['', '', '', '', '', '', '', '', '', '', '', '', '', '', '', '', '1.25', '17.9']
['180', 'UT818', '', 'PALLET', '', '', '', '', '1', 'CTNS', '', '7.00', 'per CTNS', '', '', '0.000', '7.00']
['', '', '', '', '', '', '', '', '', '', '', '', '', '', '', '', '7.35', '33.4']
['160', 'DD147A', '', 'VT BOT FRIED BANANA', '', '', '', '', '1', 'CTNS', '', '22.00', 'per CTNS', '', '', '0.000', '22.00']
['', '', '', '', '', '', '', '', '', '', '', '', '', '', '', '', '26.00', '11.2']
['140', 'HM140', '', 'KYJ CHINESE SAUSAGE', '', '', '', '', '2', 'CTNS', '', '116.00', 'per CTNS', '', '', '0.000', '232.00']
['Invoice', '#:', '769338', 'Invoice date:', '', '', '09/25/18', '', 'Customer: A005', '', 'AN BIEN USA,INC.', '', '', '', 'Sales rep:', '5']
['150', 'DD152', '', 'VT BOT BANH BAO dumling', '', '', '', '', '3', 'CTNS', '', '16.00', 'per CTNS', '', '', '0.000', '48.00']
['', '', '', '14 OZ X', '20', 'BAG', '', 'flour', '10.77', 'CTNS', '', '', '', '', '', '0.000', '32.31']
['', '', '', '', '', '', '', '', '', '', '', '', '', '', '', '', '15.69', '32.7']
['160', 'DD147A', '', 'VT BOT FRIED BANANA', '', '', '', '', '1', 'CTNS', '', '22.00', 'per CTNS', '', '', '0.000', '22.00']
['', '', '', '12 OZ X', '30', '', 'CHUOI CHIEN', '', '14.65', 'CTNS', '', '', '', '', '', '0.000', '14.65']
['', '', '', '', '', '', '', '', '', '', '', '', '', '', '', '', '7.35', '33.4']
['170', 'DD122', '', 'KTT BOT BANH BAO', '', '', '', '* A-01', '3', 'CTNS', '', '35.00', 'per CTNS', '', '', '0.000', '105.00']
['', '', '', '16 OZ X', '50 (STEAMED BUN FL', '', '', '', '31.00', 'CTNS', '', '', '', '', '', '0.000', '93.00']
['', '', '', '', '', '', '', '', '', '', '', '', '', '', '', '', '12.00', '11.4']
['180', 'UT818', '', 'PALLET', '', '', '', '', '1', 'CTNS', '', '7.00', 'per CTNS', '', '', '0.000', '7.00']
['', '', '', 'EACH', '', '', '', '', '5.75', 'CTNS', '', '', '', '', '', '0.000', '5.75']
['', '', '', '', '', '', '', '', '', '', '', '', '', '', '', '', '1.25', '17.9']
['', '', '', '', '', '', '', '', '', '', '', '', '', 'Invoice totals:', '', '', '3037.25']
['', '', '', '', '', '', '', '', '', '', '', '', '', '', '', '', '2486.22']
['', '', '', '', '', '', '', '', '', '', '', '', '', '', '', '', '551.03', '18.1']
['', '', '', '', '', '', '', '', '', '', '', '', '', '', '', '', '10.18', '19.6']
['100', 'HM110', '', 'FLOWER LIVER PATE', '', '', '', '*2.7 OZ', '2', 'CTNS', '', '26.00', 'per', 'CTNS', '', '0.000', '52.00']
['', '', '', '', '', '', '', '', '', '', '', '', '', '', '', '', '27.52', '23.7']
['80', 'PA132', '', 'PANTAI SHRIMP PASTE W/OIL', '', '', '', '', '2', 'CTNS', '', '58.00', 'per', 'CTNS', '', '0.000', '116.00']
['', '', '', '', '', '', '', '', '', '', '', '', '', '', '', '', '38.80', '23.1']
['60', 'SF193', '', 'LAL MINCE CRAB IN SPICES', '', '', '', '', '4', 'CTN', '', '42.00', 'per', 'CTN', '', '0.000', '168.00']
['', '', '', '', '', '', '', '', '', '', '', '', '', '', '', '', '11.80', '14.2']
['30', 'DV224', '', 'LUCKY C BEANCURD SHEET', '', '', '', '', '1', 'CTNS', '', '83.00', 'per', 'CTNS', '', '0.000', '83.00']
['', '', '', '', '', '', '', '', '', '', '', '', '', '', '', '', '60.00', '12.0']
['10', 'BM118', '', 'B.ROYAL TEA MIX', '', '', '', '', '4', 'CTNS', '', '125.00', 'per CTNS', '', '', '0.000', '500.00']
['Invoice', '#:', '769339', 'Invoice date:', '', '', '09/25/18', '', 'Customer: A008', '', 'ASIAN PACIFIC MARKET (WA)', '', '', '', 'Sales rep:', '5']
['50', 'PA207', '', 'POR KWAN MINCE PRAWN', '', '', '', '*L*', '5', 'CTNS', '', '48.00', 'per', 'CTNS', '', '0.000', '240.00']
['', '', '', '14 OZ X', '24 CAN', '', '', '10+1', '31.49', 'CTNS', '', '', '', '', '', '0.000', '157.45']
['', '', '', '', '', '', '', '', '', '', '', '', '', '', '', '', '82.55', '34.4']
['60', 'SF193', '', 'LAL MINCE CRAB IN SPICES', '', '', '', '', '4', 'CTN', '', '42.00', 'per', 'CTN', '', '0.000', '168.00']
['', '', '', '5.6oz/48 RIEU CUA', '', '', '', '[B9]', '32.30', 'CTN', '', '', '', '', '', '0.000', '129.20']
['', '', '', '', '', '', '', '', '', '', '', '', '', '', '', '', '38.80', '23.1']
['70', 'PA131A', '', 'PANTAI CRAB PST W/OIL#2', '', '', '', '', '8', 'CTNS', '', '58.00', 'per', 'CTNS', '', '0.000', '464.00']
['', '', '', '7 OZ X', '24BT', '', 'CHEAP', '10+1', '44.24', 'CTNS', '', '', '', '', '', '0.000', '353.92']
['', '', '', '', '', '', '', '', '', '', '', '', '', '', '', '', '110.08', '23.7']
['80', 'PA132', '', 'PANTAI SHRIMP PASTE W/OIL', '', '', '', '', '2', 'CTNS', '', '58.00', 'per', 'CTNS', '', '0.000', '116.00']
['', '', '', '7 OZ X', '24', '#2 CHEAP', '', '10+1', '44.24', 'CTNS', '', '', '', '', '', '0.000', '88.48']
['', '', '', '', '', '', '', '', '', '', '', '', '', '', '', '', '27.52', '23.7']
['90', 'PA132', '', 'PANTAI SHRIMP PASTE W/OIL', '', '', '', '', '1', 'CTNS', '', '0.00', 'per', 'CTNS', '', '0.000', '0.00']
['', '', '', '7 OZ X', '24', '#2 CHEAP', '', '10+1', '44.24', 'CTNS', '', '', '', '', '', '0.000', '44.24']
['', '', '', '', '', '', '', '', '', '', '', '', '', '', '', '', '44.24-', '0.0']
['100', 'HM110', '', 'FLOWER LIVER PATE', '', '', '', '*2.7 OZ', '2', 'CTNS', '', '26.00', 'per', 'CTNS', '', '0.000', '52.00']
['', '', '', '2.75 OZ X', '', '24 CANS', '', '[C29]', '20.91', 'CTNS', '', '', '', '', '', '0.000', '41.82']
['', '', '', '', '', '', '', '', '', '', '', '', '', '', '', '', '10.18', '19.6']
['110', 'HM110A', '', 'FLOWER LIVER PATE', '', '', '', '*4.7 OZ', '2', 'CTNS', '', '37.00', 'per', 'CTNS', '', '0.000', '74.00']
['', '', '', '4.76 OZ X', '', '24 CANS', '', '[C29]', '33.00', 'CTNS', '', '', '', '', '', '0.000', '66.00']
['', '', '', '', '', '', '', '', '', '', '', '', '', '', '', '', '8.00', '10.8']
['', '', '', '', '', '', '', '', '', '', '', '', '92.31-', '0.0']
['210', 'RP111A', 'BANH TRANG MY THO', '', '*25CM*', '', '3', 'CTNS', '0.00', 'per', 'CTNS', '0.000', '0.00']
['', '', '', '', '', '', '', '', '', '', '', '', '102.30', '25.0']
['190', 'RP111A', 'BANH TRANG MY THO', '', '*25CM*', '', '10', 'CTNS', '41.00', 'per', 'CTNS', '0.000', '410.00']
['', '', '', '', '', '', '', '', '', '', '', '', '117.20', '28.6']
['170', 'RP111', 'BANH TRANG MY THO', '', '*22CM*', '', '10', 'CTNS', '41.00', 'per', 'CTNS', '0.000', '410.00']
['', '', '', '', '', '', '', '', '', '', '', '', '38.00', '100.0']
['150', 'CR100D', 'SA GIANG PHONG KHOAI LAN', '', '', '', '1', 'CTNS', '38.00', 'per', 'CTNS', '0.000', '38.00']
['', '', '', '', '', '', '', '', '', '', '', '', '20.00', '14.3']
['130', 'FD108D', "WONDERFARM BIRD'S NEST", '', '', '', '10', 'CTNS', '14.00', 'per CTNS', '', '0.000', '140.00']
['Invoice', '#:', '769339', 'Invoice date:', '09/25/18', 'Customer: A008', 'ASIAN PACIFIC MARKET (WA)', '', 'Sales rep:', '5']
['160', 'PW190', 'NOH CH. BBQ/CHAR SIU', '', '', '', '10', 'CTNS', '21.00', 'per', 'CTNS', '0.000', '210.00']
['', '', '2.5 OZ X', '24 BAGS MIX', '', '', '18.36', 'CTNS', '', '', '', '0.000', '183.60']
['', '', '', '', '', '', '', '', '', '', '', '', '26.40', '12.6']
['170', 'RP111', 'BANH TRANG MY THO', '', '*22CM*', '', '10', 'CTNS', '41.00', 'per', 'CTNS', '0.000', '410.00']
['', '', '12 OZ X', '44 BAGS', '', '', '29.28', 'CTNS', '', '', '', '0.000', '292.80']
['', '', '', '', '', '', '', '', '', '', '', '', '117.20', '28.6']
['180', 'RP110', 'BANH TRANG MY THO', '', '*16CM*', '', '6', 'CTNS', '41.00', 'per', 'CTNS', '0.000', '246.00']
['', '', '12 OZ X', '44 BAGS', '', '[I39]', '29.20', 'CTNS', '', '', '', '0.000', '175.20']
['', '', '', '', '', '', '', '', '', '', '', '', '70.80', '28.8']
['190', 'RP111A', 'BANH TRANG MY THO', '', '*25CM*', '', '10', 'CTNS', '41.00', 'per', 'CTNS', '0.000', '410.00']
['', '', '12 OZ X', '44 BAGS', '', '[I42]', '30.77', 'CTNS', '', '', '', '0.000', '307.70']
['', '', '', '', '', '', '', '', '', '', '', '', '102.30', '25.0']
['200', 'RP111C', 'BANH TRANG MY THO', '', '*28CM*', '', '4', 'CTNS', '41.50', 'per', 'CTNS', '0.000', '166.00']
['', '', '12 OZ X', '44 BAGS', '', '[I41]', '29.27', 'CTNS', '', '', '', '0.000', '117.08']
['', '', '', '', '', '', '', '', '', '', '', '', '48.92', '29.5']
['210', 'RP111A', 'BANH TRANG MY THO', '', '*25CM*', '', '3', 'CTNS', '0.00', 'per', 'CTNS', '0.000', '0.00']
['', '', '12 OZ X', '44 BAGS', '', '[I42]', '30.77', 'CTNS', '', '', '', '0.000', '92.31']
['', '', '', '', '', '', '', '', '', '', '', '', '92.31-', '0.0']
['220', 'SU111', 'LUCKY C BROWN CANDY', '', '', '', '5', 'CTNS', '42.00', 'per', 'CTNS', '0.000', '210.00']
['', '', '16 OZ X', '50 BAGS', '*NEW*', '5+1', '30.95', 'CTNS', '', '', '', '0.000', '154.75']
['', '', '', '', '', '', '', '', '', '', '', '', '55.25', '26.3']
['', '', '', '', '', '', '', '', '', '', '', '', '30.00', '12.0']
['290', 'HM121', 'BRETEL BUTTER', '', '', '05-15-2019', '', '2', 'CTN', '125.00', 'per CTN', '0.000', '250.00']
['', '', '', '', '', '', '', '', '', '', '', '', '256.00', '17.8']
['270', 'SU110', 'ROCK CANDY', '', '*BOX*', '', '', '40', 'CTNS', '36.00', 'per CTNS', '0.000', '1440.00']
['', '', '', '', '', '', '', '', '', '', '', '', '67.85', '24.7']
['240', 'PA202', 'POR KWAN TOM YUM PASTE-L-', '', '', '', '', '5', 'CTNS', '55.00', 'per CTNS', '0.000', '275.00']
['Invoice', '#:', '769339', 'Invoice date:', '09/25/18', 'Customer: A008', 'ASIAN PACIFIC MARKET (WA)', '', 'Sales rep:', '5']
['', '', '', '', '', '', '', '', '', '', '', '', '6.50', '10.2']
['270', 'SU110', 'ROCK CANDY', '', '*BOX*', '', '', '40', 'CTNS', '36.00', 'per CTNS', '0.000', '1440.00']
['', '', '16 OZ X', '50', '*LUCKY CROWN*', '', '', '29.60', 'CTNS', '', '', '0.000', '1184.00']
['', '', '', '', '', '', '', '', '', '', '', '', '256.00', '17.8']
['280', 'CI220', 'CHIN SU CHILI SAUCE', '', '', '', '', '10', 'CTNS', '21.00', 'per CTNS', '0.000', '210.00']
['', '', '250G X', '24', '', '*TUONG OT*', '', '11.30', 'CTNS', '', '', '0.000', '113.00']
['', '', '', '', '', '', '', '', '', '', '', '', '97.00', '46.2']
['290', 'HM121', 'BRETEL BUTTER', '', '', '05-15-2019', '', '2', 'CTN', '125.00', 'per CTN', '0.000', '250.00']
['', '', '8.8 OZ X', '24 CANS', '', '', '', '110.00', 'CTN', '', '', '0.000', '220.00']
['', '', '', '', '', '', '', '', '', '', '', '', '30.00', '12.0']
['300', 'UT818', 'PALLET', '', '', '', '', '2', 'CTNS', '7.00', 'per CTNS', '0.000', '14.00']
['', '', 'EACH', '', '', '', '', '5.75', 'CTNS', '', '', '0.000', '11.50']
['', '', '', '', '', '', '', '', '', '', '', '', '2.50', '17.9']
['', '', '', '', '', '', '', '', '', '', 'Invoice totals:', '', '7337.00']
['', '', '', '', '', '', '', '', '', '', '', '', '6032.60']
['', '', '', '', '', '', '', '', '', '', '', '', '1304.40', '17.8']
['', '', '', '', '', '', '', '', '', '', '1.75', '23.3']
['40', 'UT818', 'PALLET', '', '', '1', 'CTNS', '7.50', 'per CTNS', '0.000', '7.50']
['', '', '', '', '', '', '', '', '', '', '72.00', '10.7']
['20', 'FR130B', 'FR. TILAPIA CLEANED', '', '750UP', '12', 'CTNS', '56.00', 'per CTNS', '0.000', '672.00']
['Invoice', '#:', '769340', 'Invoice date:', '09/25/18', 'Customer: P030', 'PACIFIC FOOD, INC.', '', '', 'Sales rep:', '17']
['20', 'FR130B', 'FR. TILAPIA CLEANED', '', '750UP', '12', 'CTNS', '56.00', 'per CTNS', '0.000', '672.00']
['', '', '40 LBS', '*TW* $1.40/LB', '', '50.00', 'CTNS', '', '', '0.000', '600.00']
['', '', '', '', '', '', '', '', '', '', '72.00', '10.7']
['30', 'FR706', 'FR. GRATED CASSAVA', '', '*VN*', '8', 'CTNS', '23.00', 'per CTNS', '0.000', '184.00']
['', '', '16 OZ X', '24 BAG', '*LAL FARM*', '14.40', 'CTNS', '', '', '0.000', '115.20']
['', '', '', '', '', '', '', '', '', '', '68.80', '37.4']
['40', 'UT818', 'PALLET', '', '', '1', 'CTNS', '7.50', 'per CTNS', '0.000', '7.50']
['', '', 'EACH', '', '', '5.75', 'CTNS', '', '', '0.000', '5.75']
['', '', '', '', '', '', '', '', '', '', '1.75', '23.3']
['', '', '', '', '', '', '', '', 'Invoice totals:', '', '4603.50']
['', '', '', '', '', '', '', '', '', '', '3554.55']
['', '', '', '', '', '', '', '', '', '', '1048.95', '22.8']
['', '', '', '', '', '', '', '', '', '', '', '', '38.00', '10.5']
['120', 'CA223', 'KOPIKO COFFEE CANDY', '', '', '(B)', '19', 'CTNS', '19.00', 'per', 'CTNS', '0.000', '361.00']
['', '', '', '', '', '', '', '', '', '', '', '', '39.55', '23.3']
['100', 'PW152', 'BAO LONG PHO GA (CHICKEN)', '', '', '', '5', 'CTNS', '34.00', 'per', 'CTNS', '0.000', '170.00']
['', '', '', '', '', '', '', '', '', '', '', '', '37.43-', '0.0']
['80', 'COF109B', 'NESCAFE VIET', '', '3n1', '*SUA DA', '1', 'CTNS', '0.00', 'per', 'CTNS', '0.000', '0.00']
['', '', '', '', '', '', '', '', '', '', '', '', '37.28-', '0.0']
['60', 'COF107B', 'NESCAFE VIET', '', '2n1', '*DEN BOX', '1', 'CTNS', '0.00', 'per', 'CTNS', '0.000', '0.00']
['', '', '', '', '', '', '', '', '', '', '', '', '101.40', '18.6']
['30', 'COF109A', 'TRUNG NGUYEN COFFE', '', '', '*100ST', '13', 'CTNS', '42.00', 'per CTNS', '', '0.000', '546.00']
['Invoice', '#:', '769341', 'Invoice date:', '09/25/18', 'Customer: N001', 'NAM PHONG INC.', 'Sales rep:', '5']
['70', 'COF109B', 'NESCAFE VIET', '', '3n1', '*SUA DA', '5', 'CTNS', '58.00', 'per', 'CTNS', '0.000', '290.00']
['', '', '280G/24 EXP:11/19/19', '', '', '10+2', '37.43', 'CTNS', '', '', '', '0.000', '187.15']
['', '', '', '', '', '', '', '', '', '', '', '', '102.85', '35.5']
['80', 'COF109B', 'NESCAFE VIET', '', '3n1', '*SUA DA', '1', 'CTNS', '0.00', 'per', 'CTNS', '0.000', '0.00']
['', '', '280G/24 EXP:11/19/19', '', '', '10+2', '37.43', 'CTNS', '', '', '', '0.000', '37.43']
['', '', '', '', '', '', '', '', '', '', '', '', '37.43-', '0.0']
['90', 'PW115', 'VANILLA SUGAR', '', '', '', '5', 'CTNS', '31.00', 'per', 'CTNS', '0.000', '155.00']
['', '', '42 package X', '', '10 bag', '', '27.30', 'CTNS', '', '', '', '0.000', '136.50']
['', '', '', '', '', '', '', '', '', '', '', '', '18.50', '11.9']
['100', 'PW152', 'BAO LONG PHO GA (CHICKEN)', '', '', '', '5', 'CTNS', '34.00', 'per', 'CTNS', '0.000', '170.00']
['', '', '144 BOX', '', '*6/7/2020', '', '26.09', 'CTNS', '', '', '', '0.000', '130.45']
['', '', '', '', '', '', '', '', '', '', '', '', '39.55', '23.3']
['110', 'PW150', 'BAO LONG PHO FLAVOR', '', '', '*', '10', 'CTNS', '34.00', 'per', 'CTNS', '0.000', '340.00']
['', '', '144 BOX', '', '', '*6/7/2020', '26.09', 'CTNS', '', '', '', '0.000', '260.90']
['', '', '', '', '', '', '', '', '', '', '', '', '79.10', '23.3']
['120', 'CA223', 'KOPIKO COFFEE CANDY', '', '', '(B)', '19', 'CTNS', '19.00', 'per', 'CTNS', '0.000', '361.00']
['', '', '4.23 OZ X', '', '24 BAGS', 'H26b]', '17.00', 'CTNS', '', '', '', '0.000', '323.00']
['', '', '', '', '', '', '', '', '', '', '', '', '38.00', '10.5']
['130', 'PW125', 'NESTLE MILO POWDER', '', '', '', '4', 'CTNS', '87.00', 'per', 'CTNS', '0.000', '348.00']
['', '', '14 OZ X', '', '24 CAN', 'may/2019', '79.00', 'CTNS', '', '', '', '0.000', '316.00']
['', '', '', '', '', '', '', '', '', '', '', '', '32.00', '9.2']
['', '', '', '', '', '', '', '', '', '', '', '15.82', '23.3']
['230', 'PW157', 'BAO', 'LONG BANH CANH CUA', '', '2', 'CTNS', '34.00', 'per', 'CTNS', '0.000', '68.00']
['', '', '', '', '', '', '', '', '', '', '', '15.82', '23.3']
['210', 'PW161A', 'BAO', 'LONG HU TIEU NAM VANG', '', '2', 'CTNS', '34.00', 'per', 'CTNS', '0.000', '68.00']
['', '', '', '', '', '', '', '', '', '', '', '15.82', '23.3']
['190', 'PW156', 'BAO', 'LONG KHO TIEU FLAVOR', '', '2', 'CTNS', '34.00', 'per', 'CTNS', '0.000', '68.00']
['', '', '', '', '', '', '', '', '', '', '', '15.82', '23.3']
['170', 'PW151', 'BAO', 'LONG HOANH THANH', '*', '2', 'CTNS', '34.00', 'per', 'CTNS', '0.000', '68.00']
['', '', '', '', '', '', '', '', '', '', '', '15.82', '23.3']
['150', 'PW149', 'BAO LONG BO HUE', '', '*', '2', 'CTNS', '34.00', 'per CTNS', '', '0.000', '68.00']
['Invoice', '#:', '769341', 'Invoice date:', '09/25/18', 'Customer: N001', 'NAM PHONG INC.', 'Sales rep:', '5']
['180', 'PW159', 'BAO', 'LONG BUN RIEU FLAVOUR', '', '2', 'CTNS', '34.00', 'per', 'CTNS', '0.000', '68.00']
['', '', '144', 'BOX', '*6/7/2020', '26.09', 'CTNS', '', '', '', '0.000', '52.18']
['', '', '', '', '', '', '', '', '', '', '', '15.82', '23.3']
['190', 'PW156', 'BAO', 'LONG KHO TIEU FLAVOR', '', '2', 'CTNS', '34.00', 'per', 'CTNS', '0.000', '68.00']
['', '', '144', 'BOX', '*6/7/2020', '26.09', 'CTNS', '', '', '', '0.000', '52.18']
['', '', '', '', '', '', '', '', '', '', '', '15.82', '23.3']
['200', 'PW161', 'BAO', 'LONG MANG VIT FLAVOUR', '', '5', 'CTNS', '34.00', 'per', 'CTNS', '0.000', '170.00']
['', '', '144', 'BOX', '*6/7/2020', '26.09', 'CTNS', '', '', '', '0.000', '130.45']
['', '', '', '', '', '', '', '', '', '', '', '39.55', '23.3']
['210', 'PW161A', 'BAO', 'LONG HU TIEU NAM VANG', '', '2', 'CTNS', '34.00', 'per', 'CTNS', '0.000', '68.00']
['', '', '144', 'BOX', '*6/7/2020', '26.09', 'CTNS', '', '', '', '0.000', '52.18']
['', '', '', '', '', '', '', '', '', '', '', '15.82', '23.3']
['220', 'PW150B', 'BAO', 'LONG MI QUANG', '', '2', 'CTNS', '34.00', 'per', 'CTNS', '0.000', '68.00']
['', '', '144', 'BOX', '*6/7/2020', '26.09', 'CTNS', '', '', '', '0.000', '52.18']
['', '', '', '', '', '', '', '', '', '', '', '15.82', '23.3']
['230', 'PW157', 'BAO', 'LONG BANH CANH CUA', '', '2', 'CTNS', '34.00', 'per', 'CTNS', '0.000', '68.00']
['', '', '144', 'BOX', '*6/7/2020', '26.09', 'CTNS', '', '', '', '0.000', '52.18']
['', '', '', '', '', '', '', '', '', '', '', '15.82', '23.3']
['240', 'PW160', 'BAO', 'LONG BUN MAM FLAVOUR', '', '2', 'CTNS', '34.00', 'per', 'CTNS', '0.000', '68.00']
['', '', '144', 'BOX', '*6/7/2020', '26.09', 'CTNS', '', '', '', '0.000', '52.18']
['', '', '', '', '', '', '', '', '', '', '', '15.82', '23.3']
['', '', '', '', '', '', '', '', '', '1.25', '17.9']
['260', 'UT818', 'PALLET', '', '1', 'CTNS', '7.00', 'per CTNS', '0.000', '7.00']
['Invoice', '#:', '769341', 'Invoice date:', '09/25/18', 'Customer: N001', 'NAM PHONG INC.', 'Sales rep:', '5']
['250', 'PW156A', 'BAO LONG TOM KHO TAU', '', '2', 'CTNS', '34.00', 'per CTNS', '0.000', '68.00']
['', '', '144 BOX', '*6/7/2020', '29.09', 'CTNS', '', '', '0.000', '58.18']
['', '', '', '', '', '', '', '', '', '9.82', '14.4']
['260', 'UT818', 'PALLET', '', '1', 'CTNS', '7.00', 'per CTNS', '0.000', '7.00']
['', '', 'EACH', '', '5.75', 'CTNS', '', '', '0.000', '5.75']
['', '', '', '', '', '', '', '', '', '1.25', '17.9']
['', '', '', '', '', '', '', 'Invoice totals:', '', '4333.00']
['', '', '', '', '', '', '', '', '', '3518.07']
['', '', '', '', '', '', '', '', '', '814.93', '18.8']
['', '', '', '', '', '', '', '', '', '', '', '', '11.72', '28.6']
['100', 'RP111', 'BANH TRANG MY THO', '', '', '*22CM*', '1', 'CTNS', '41.00', 'per', 'CTNS', '0.000', '41.00']
['', '', '', '', '', '', '', '', '', '', '', '', '82.03-', '0.0']
['80', 'PA131', 'PANTAI CRAB PST W/OIL#1', '', '', '', '1', 'CTNS', '0.00', 'per', 'CTNS', '0.000', '0.00']
['', '', '', '', '', '', '', '', '', '', '', '', '79.88', '19.6']
['60', 'PA130', 'PANTAI SHRIMP PASTE W/OIL', '', '', '', '4', 'CTNS', '102.00', 'per', 'CTNS', '0.000', '408.00']
['', '', '', '', '', '', '', '', '', '', '', '', '73.00-', '0.0']
['40', 'PW104B', 'LAL POLOKU MUSHROOM', '', '', '', '2', 'CTNS', '0.00', 'per', 'CTNS', '0.000', '0.00']
['', '', '', '', '', '', '', '', '', '', '', '', '110.00', '21.2']
['20', 'PA143AA', 'LAL CRAB PASTE W SOYB OIL', '', '', '', '10', 'CTNS', '52.00', 'per CTNS', '', '0.000', '520.00']
['Invoice', '#:', '769342', 'Invoice date:', '09/26/18', 'Customer: VINH', 'VINH THINH MARKET', 'Sales rep:', '5']
['50', 'HM110', 'FLOWER LIVER PATE', '*2.7 OZ', '', '', '5', 'CTNS', '26.00', 'per', 'CTNS', '0.000', '130.00']
['', '', '2.75 OZ X', '24 CANS', '[C29]', '', '20.91', 'CTNS', '', '', '', '0.000', '104.55']
['', '', '', '', '', '', '', '', '', '', '', '', '25.45', '19.6']
['60', 'PA130', 'PANTAI SHRIMP PASTE W/OIL', '', '', '', '4', 'CTNS', '102.00', 'per', 'CTNS', '0.000', '408.00']
['', '', '7OZX', '24', '#1 EXPENSIVE', '10+1', '82.03', 'CTNS', '', '', '', '0.000', '328.12']
['', '', '', '', '', '', '', '', '', '', '', '', '79.88', '19.6']
['70', 'PA131', 'PANTAI CRAB PST W/OIL#1', '', '', '', '6', 'CTNS', '102.00', 'per', 'CTNS', '0.000', '612.00']
['', '', '7 OZ X', '24 BT', '**L**A*', '10+1', '82.03', 'CTNS', '', '', '', '0.000', '492.18']
['', '', '', '', '', '', '', '', '', '', '', '', '119.82', '19.6']
['80', 'PA131', 'PANTAI CRAB PST W/OIL#1', '', '', '', '1', 'CTNS', '0.00', 'per', 'CTNS', '0.000', '0.00']
['', '', '7 OZ X', '24 BT', '**L**A*', '10+1', '82.03', 'CTNS', '', '', '', '0.000', '82.03']
['', '', '', '', '', '', '', '', '', '', '', '', '82.03-', '0.0']
['90', 'RP110', 'BANH TRANG MY THO', '', '', '*16CM*', '1', 'CTNS', '0.00', 'per', 'CTNS', '0.000', '0.00']
['', '', '12 OZ X', '44 BAGS', '', '[I39]', '29.20', 'CTNS', '', '', '', '0.000', '29.20']
['', '', '', '', '', '', '', '', '', '', '', '', '29.20-', '0.0']
['100', 'RP111', 'BANH TRANG MY THO', '', '', '*22CM*', '1', 'CTNS', '41.00', 'per', 'CTNS', '0.000', '41.00']
['', '', '12 OZ X', '44 BAGS', '', '', '29.28', 'CTNS', '', '', '', '0.000', '29.28']
['', '', '', '', '', '', '', '', '', '', '', '', '11.72', '28.6']
['110', 'RP111A', 'BANH TRANG MY THO', '', '', '*25CM*', '3', 'CTNS', '41.00', 'per', 'CTNS', '0.000', '123.00']
['', '', '12 OZ X', '44 BAGS', '', '[I42]', '30.77', 'CTNS', '', '', '', '0.000', '92.31']
['', '', '', '', '', '', '', '', '', '', '', '', '30.69', '25.0']
['', '', '', '', '', '', '', '', '', '', '', '13.32', '27.8']
['210', 'DD142', 'VT BOT BANH CUON', '', '', '3', 'EACH', '16.00', 'per', 'CTNS', '0.000', '48.00']
['', '', '', '', '', '', '', '', '', '', '', '13.00', '8.5']
['190', 'PW239A', 'TOTOLE CHICKEN BOUILLON L', '', '', '2', 'CTNS', '76.50', 'per', 'CTNS', '0.000', '153.00']
['', '', '', '', '', '', '', '', '', '', '', '17.50', '14.6']
['170', 'FS240', 'MEGACHEF PRE FISH SAUCE', '', '', '5', 'CTNS', '24.00', 'per', 'CTNS', '0.000', '120.00']
['', '', '', '', '', '', '', '', '', '', '', '35.00', '10.8']
['150', 'FS200', 'RED BOAT FISH SAUCE', '', '*L*', '5', 'CTNS', '65.00', 'per', 'CTNS', '0.000', '325.00']
['', '', '', '', '', '', '', '', '', '', '', '11.73', '28.6']
['130', 'RP111D', 'BANH TRANG MY THO SQUARE', '', '', '1', 'CTNS', '41.00', 'per CTNS', '', '0.000', '41.00']
['Invoice', '#:', '769342', 'Invoice date:', '09/26/18', 'Customer: VINH', 'VINH THINH MARKET', 'Sales rep:', '5']
['160', 'FS200A', 'RED BOAT FISH SAUCE', '', '*S*', '2', 'CTNS', '26.00', 'per', 'CTNS', '0.000', '52.00']
['', '', '250 ML X', '6 BT', '', '0.00', 'CTNS', '', '', '', '0.000', '0.00']
['', '', '', '', '', '', '', '', '', '', '', '52.00', '100.0']
['170', 'FS240', 'MEGACHEF PRE FISH SAUCE', '', '', '5', 'CTNS', '24.00', 'per', 'CTNS', '0.000', '120.00']
['', '', '23.6 OZ X', '12 BOTTLE', '', '20.50', 'CTNS', '', '', '', '0.000', '102.50']
['', '', '', '', '', '', '', '', '', '', '', '17.50', '14.6']
['180', 'FD250', 'LAL WHITE BEAN IN BRINE', '', '', '7', 'CTNS', '21.00', 'per', 'CTNS', '0.000', '147.00']
['', '', '15 OZ X', '24 CANS', '[A26]', '13.99', 'CTNS', '', '', '', '0.000', '97.93']
['', '', '', '', '', '', '', '', '', '', '', '49.07', '33.4']
['190', 'PW239A', 'TOTOLE CHICKEN BOUILLON L', '', '', '2', 'CTNS', '76.50', 'per', 'CTNS', '0.000', '153.00']
['', '', '2.2 LBS X', '12 CAN', '', '70.00', 'CTNS', '', '', '', '0.000', '140.00']
['', '', '', '', '', '', '', '', '', '', '', '13.00', '8.5']
['200', 'PW239', 'TOTOLE CHICKEN BOUILLON S', '', '', '1', 'CTNS', '75.00', 'per', 'CTNS', '0.000', '75.00']
['', '', '16 OZ X', '24 CAN', '', '68.00', 'CTNS', '', '', '', '0.000', '68.00']
['', '', '', '', '', '', '', '', '', '', '', '7.00', '9.3']
['210', 'DD142', 'VT BOT BANH CUON', '', '', '3', 'EACH', '16.00', 'per', 'CTNS', '0.000', '48.00']
['', '', '14 OZ X', '20 BG rice roll', '', '11.56', 'EACH', '', '', '', '0.000', '34.68']
['', '', '', '', '', '', '', '', '', '', '', '13.32', '27.8']
['230', 'DD148', 'VT BOT BANH KHOT', '', '', '3', 'CTNS', '17.00', 'per', 'CTNS', '0.000', '51.00']
['', '', '14.1 OZ X', '20', '', '10.38', 'CTNS', '', '', '', '0.000', '31.14']
['', '', '', '', '', '', '', '', '', '', '', '19.86', '38.9']
['', '', '', '', '', '', '', '', '', '', '17.28', '10.3']
['310', 'FR718', 'VEGE USA PORK CHOP', '', '*M16K*', '2', 'CTNS', '84.00', 'per CTNS', '0.000', '168.00']
['', '', '', '', '', '', '', '', '', '', '10.91', '29.5']
['270', 'PW149', 'BAO LONG BO HUE', '', '*', '1', 'CTNS', '37.00', 'per CTNS', '0.000', '37.00']
['', '', '', '', '', '', '', '', '', '', '41.14', '35.5']
['250', 'COF109B', 'NESCAFE VIET', '3n1', '*SUA DA', '2', 'CTNS', '58.00', 'per CTNS', '0.000', '116.00']
['Invoice', '#:', '769342', 'Invoice date:', '09/26/18', 'Customer: VINH', 'VINH THINH MARKET', 'Sales rep:', '5']
['', '', '', '', '', '', '', '', '', '', '37.43-', '0.0']
['270', 'PW149', 'BAO LONG BO HUE', '', '*', '1', 'CTNS', '37.00', 'per CTNS', '0.000', '37.00']
['', '', '144 BOX', '*6/7/2020', '', '26.09', 'CTNS', '', '', '0.000', '26.09']
['', '', '', '', '', '', '', '', '', '', '10.91', '29.5']
['300', 'CO153A', 'BANH MEN', '4 MAU', '*BENJI*', '1', 'CTNS', '35.00', 'per CTNS', '0.000', '35.00']
['', '', '8 OZ X', '24', '*COCO COOKIE VN', '24.00', 'CTNS', '', '', '0.000', '24.00']
['', '', '', '', '', '', '', '', '', '', '11.00', '31.4']
['310', 'FR718', 'VEGE USA PORK CHOP', '', '*M16K*', '2', 'CTNS', '84.00', 'per CTNS', '0.000', '168.00']
['', '', '8 OZ X', '24 PKS', 'SUON NUONG', '75.36', 'CTNS', '', '', '0.000', '150.72']
['', '', '', '', '', '', '', '', '', '', '17.28', '10.3']
['360', 'UT818', 'PALLET', '', '', '1', 'CTNS', '7.00', 'per CTNS', '0.000', '7.00']
['', '', 'EACH', '', '', '5.75', 'CTNS', '', '', '0.000', '5.75']
['', '', '', '', '', '', '', '', '', '', '1.25', '17.9']
['', '', '', '', '', '', '', '', 'Invoice totals:', '', '4460.50']
['', '', '', '', '', '', '', '', '', '', '3656.47']
['', '', '', '', '', '', '', '', '', '', '804.03', '18.0']
['', '', '', '', '', '', '', '', '', '', '', '8.00', '6.3']
['130', 'HM152A', 'CALIFORNIA.*HOT* PORK', '', '', '1', 'CTNS', '128.00', 'per', 'CTNS', '0.000', '128.00']
['', '', '', '', '', '', '', '', '', '', '', '8.00', '6.3']
['100', 'HM151', 'CALIFORNIA.CHICKEN SAUSAG', '', '', '1', 'CTNS', '128.00', 'per', 'CTNS', '0.000', '128.00']
['', '', '', '', '', '', '', '', '', '', '', '25.00', '13.2']
['60', 'UT600', 'RICE BOX', '*L*', '', '5', 'EACH', '38.00', 'per', 'EACH', '0.000', '190.00']
['', '', '', '', '', '', '', '', '', '', '', '2.50', '13.9']
['40', 'CO246', 'EURO CUSTARD CAKE', '', '', '1', 'CTNS', '18.00', 'per', 'CTNS', '0.000', '18.00']
['', '', '', '', '', '', '', '', '', '', '', '11.25', '11.9']
['20', 'NO238', 'OH RICEY HU TIEU', '', '24 BAG', '3', 'BDL', '31.50', 'per BDL', '', '0.000', '94.50']
['Invoice', '#:', '769343', 'Invoice date:', '09/25/18', 'Customer: ANDY', "ANDY'S INTERNATIONAL MKT", 'Sales rep:', '5']
['50', 'CO245', 'EURO STRAWBERRY CAKE', '', '', '1', 'CTNS', '18.00', 'per', 'CTNS', '0.000', '18.00']
['', '', '6 PCS X', '12 BOX', '[H12b]', '15.50', 'CTNS', '', '', '', '0.000', '15.50']
['', '', '', '', '', '', '', '', '', '', '', '2.50', '13.9']
['60', 'UT600', 'RICE BOX', '*L*', '', '5', 'EACH', '38.00', 'per', 'EACH', '0.000', '190.00']
['', '', 'PIECES', '', '', '33.00', 'EACH', '', '', '', '0.000', '165.00']
['', '', '', '', '', '', '', '', '', '', '', '25.00', '13.2']
['80', 'CD141', 'CHIN-C GRASS JELLY DRINK', '', '', '3', 'CTNS', '10.70', 'per', 'CTNS', '0.000', '32.10']
['', '', '11OZ/24 CAN HONEY E5 CRV1', '', '', '9.70', 'CTNS', '', '', '', '0.000', '29.10']
['', '', '', '', '', '', '', '', '', '', '', '3.00', '9.3']
['100', 'HM151', 'CALIFORNIA.CHICKEN SAUSAG', '', '', '1', 'CTNS', '128.00', 'per', 'CTNS', '0.000', '128.00']
['', '', '16 OZ X', '24 BAGS', '', '120.00', 'CTNS', '', '', '', '0.000', '120.00']
['', '', '', '', '', '', '', '', '', '', '', '8.00', '6.3']
['120', 'HM151A', 'CALIFORNIA.*HOT* CHICKEN', '', '', '1', 'CTNS', '128.00', 'per', 'CTNS', '0.000', '128.00']
['', '', '16 OZ X', '24 BAG', 'SAUSAGE', '120.00', 'CTNS', '', '', '', '0.000', '120.00']
['', '', '', '', '', '', '', '', '', '', '', '8.00', '6.3']
['130', 'HM152A', 'CALIFORNIA.*HOT* PORK', '', '', '1', 'CTNS', '128.00', 'per', 'CTNS', '0.000', '128.00']
['', '', '16 OZ X', '24 BAG', 'SAUSAGE', '120.00', 'CTNS', '', '', '', '0.000', '120.00']
['', '', '', '', '', '', '', '', '', '', '', '8.00', '6.3']
['140', 'COF107B', 'NESCAFE VIET', '2n1', '*DEN BOX', '2', 'CTNS', '58.00', 'per', 'CTNS', '0.000', '116.00']
['', '', '240G/24', '10+2', 'EXP:4/10/19', '37.28', 'CTNS', '', '', '', '0.000', '74.56']
['', '', '', '', '', '', '', '', '', '', '', '41.44', '35.7']
['', '', '', '', '', '', '', '', '', '', '', '7.00', '9.6']
['250', 'SS181', 'KKM SOY SAUCE', '20 OZ', '', '2', 'CTNS', '36.50', 'per', 'CTNS', '0.000', '73.00']
['', '', '', '', '', '', '', '', '', '', '', '6.00', '9.7']
['221', 'DV342A', 'D-HORSE RADISH SWEET', '', '*ST', '1', 'CTNS', '62.00', 'per', 'CTNS', '0.000', '62.00']
['', '', '', '', '', '', '', '', '', '', '', '6.00', '9.7']
['210', 'DV341', 'D-HORSE RADISH SALTED', '', '*ST', '1', 'CTNS', '62.00', 'per', 'CTNS', '0.000', '62.00']
['', '', '', '', '', '', '', '', '', '', '', '8.40', '10.0']
['180', 'BR131', 'QUOC VIET PHO BO', '', '*L*', '1', 'CTNS', '84.00', 'per', 'CTNS', '0.000', '84.00']
['', '', '', '', '', '', '', '', '', '', '', '37.43-', '0.0']
['160', 'COF109B', 'NESCAFE VIET', '3n1', '*SUA DA', '1', 'CTNS', '0.00', 'per CTNS', '', '0.000', '0.00']
['Invoice', '#:', '769343', 'Invoice date:', '09/25/18', 'Customer: ANDY', "ANDY'S INTERNATIONAL MKT", 'Sales rep:', '5']
['200', 'DV340', 'D-HORSE RADISH SALTED', '', '*WH', '1', 'CTNS', '62.00', 'per', 'CTNS', '0.000', '62.00']
['', '', '14 OZ X', '50 BAGS', 'WHOLE', '56.00', 'CTNS', '', '', '', '0.000', '56.00']
['', '', '', '', '', '', '', '', '', '', '', '6.00', '9.7']
['210', 'DV341', 'D-HORSE RADISH SALTED', '', '*ST', '1', 'CTNS', '62.00', 'per', 'CTNS', '0.000', '62.00']
['', '', '14 OZ X', '50 BAGS', 'STRIP', '56.00', 'CTNS', '', '', '', '0.000', '56.00']
['', '', '', '', '', '', '', '', '', '', '', '6.00', '9.7']
['220', 'DV342', 'D-HORSE RADISH SWEET', '', '*WH', '1', 'CTNS', '62.00', 'per', 'CTNS', '0.000', '62.00']
['', '', '14 OZ X', '50 BAGS', 'WHOLE', '56.00', 'CTNS', '', '', '', '0.000', '56.00']
['', '', '', '', '', '', '', '', '', '', '', '6.00', '9.7']
['221', 'DV342A', 'D-HORSE RADISH SWEET', '', '*ST', '1', 'CTNS', '62.00', 'per', 'CTNS', '0.000', '62.00']
['', '', '14 Z X', '50 BAGS', 'STRIP', '56.00', 'CTNS', '', '', '', '0.000', '56.00']
['', '', '', '', '', '', '', '', '', '', '', '6.00', '9.7']
['230', 'UT610', 'TIGER RICE COOKER', '', '4 CUP', '4', 'EACH', '90.00', 'per', 'EACH', '0.000', '360.00']
['', '', 'PIECE', '(JNP-0720)', '', '80.80', 'EACH', '', '', '', '0.000', '323.20']
['', '', '', '', '', '', '', '', '', '', '', '36.80', '10.2']
['250', 'SS181', 'KKM SOY SAUCE', '20 OZ', '', '2', 'CTNS', '36.50', 'per', 'CTNS', '0.000', '73.00']
['', '', '20 OZ X', '12 BT', '[G25]', '33.00', 'CTNS', '', '', '', '0.000', '66.00']
['', '', '', '', '', '', '', '', '', '', '', '7.00', '9.6']
['270', 'JO100BB', "4'8 NHAN QUAN AM", '', '*888*', '2', 'CTNS', '110.00', 'per', 'CTNS', '0.000', '220.00']
['', '', '20 TUBE', '', 'NO SMOKE', '90.00', 'CTNS', '', '', '', '0.000', '180.00']
['', '', '', '', '', '', '', '', '', '', '', '40.00', '18.2']
['', '', '', '', '', '', '', '', '', '', '', '2.50', '9.4']
['380', 'CO255F', 'GARDEN PEANUT WAFER .', '', '', '1', 'CTNS', '26.50', 'per', 'CTNS', '0.000', '26.50']
['', '', '', '', '', '', '', '', '', '', '', '2.50', '9.4']
['360', 'CO255C', 'GARDEN PEACH WAFER', '', '', '1', 'CTNS', '26.50', 'per', 'CTNS', '0.000', '26.50']
['', '', '', '', '', '', '', '', '', '', '', '5.00', '9.4']
['330', 'CO255', 'GARDEN DURIAN WAFER', '', '', '2', 'CTNS', '26.50', 'per', 'CTNS', '0.000', '53.00']
['', '', '', '', '', '', '', '', '', '', '', '20.00', '16.0']
['310', 'FL131', 'ERAWAN TAPIOCA STARCH', '', '', '10', 'CTNS', '12.50', 'per', 'CTNS', '0.000', '125.00']
['', '', '', '', '', '', '', '', '', '', '', '15.00', '9.4']
['290', 'FL170', 'ERAWAN GLUTINOUS FLOUR  .', '', '', '10', 'CTNS', '16.00', 'per CTNS', '', '0.000', '160.00']
['Invoice', '#:', '769343', 'Invoice date:', '09/25/18', 'Customer: ANDY', "ANDY'S INTERNATIONAL MKT", 'Sales rep:', '5']
['320', 'CO254', 'GARDEN COCONUT WAFER', '', '', '2', 'CTNS', '26.50', 'per', 'CTNS', '0.000', '53.00']
['', '', '7 OZ X', '24 BAGS', '[G34b]', '24.00', 'CTNS', '', '', '', '0.000', '48.00']
['', '', '', '', '', '', '', '', '', '', '', '5.00', '9.4']
['330', 'CO255', 'GARDEN DURIAN WAFER', '', '', '2', 'CTNS', '26.50', 'per', 'CTNS', '0.000', '53.00']
['', '', '7 OZ X', '24 BAG', '[G34b]', '24.00', 'CTNS', '', '', '', '0.000', '48.00']
['', '', '', '', '', '', '', '', '', '', '', '5.00', '9.4']
['350', 'CO255B', 'GARDEN STRAWBERY WAFER', '', '', '2', 'CTNS', '26.50', 'per', 'CTNS', '0.000', '53.00']
['', '', '7 OZ X', '24 BAGS', '[G36b]', '24.00', 'CTNS', '', '', '', '0.000', '48.00']
['', '', '', '', '', '', '', '', '', '', '', '5.00', '9.4']
['360', 'CO255C', 'GARDEN PEACH WAFER', '', '', '1', 'CTNS', '26.50', 'per', 'CTNS', '0.000', '26.50']
['', '', '7 OZ X', '24 BAGS', '[G36]', '24.00', 'CTNS', '', '', '', '0.000', '24.00']
['', '', '', '', '', '', '', '', '', '', '', '2.50', '9.4']
['370', 'CO255E', 'GARDEN VANILA WAFER .', '', '', '2', 'CTNS', '26.50', 'per', 'CTNS', '0.000', '53.00']
['', '', '7 OZ X', '24 BAGS', '[G35b]', '24.00', 'CTNS', '', '', '', '0.000', '48.00']
['', '', '', '', '', '', '', '', '', '', '', '5.00', '9.4']
['380', 'CO255F', 'GARDEN PEANUT WAFER .', '', '', '1', 'CTNS', '26.50', 'per', 'CTNS', '0.000', '26.50']
['', '', '7 OZ X', '24 BAGS', '[G34b]', '24.00', 'CTNS', '', '', '', '0.000', '24.00']
['', '', '', '', '', '', '', '', '', '', '', '2.50', '9.4']
['400', 'CO255I', 'GARDEN CAPPUCCINO WAFER', '', '', '2', 'CTNS', '26.50', 'per', 'CTNS', '0.000', '53.00']
['', '', '7 OZ X', '24 BOX', '[G35b]', '24.00', 'CTNS', '', '', '', '0.000', '48.00']
['', '', '', '', '', '', '', '', '', '', '', '5.00', '9.4']
['', '', '', '', '', '', '', '', '', '', '', '', '6.00', '9.4']
['530', 'FR488', 'GP BEEF TENDON BALL', '', '', '', '1', 'CTNS', '64.00', 'per', 'CTNS', '0.000', '64.00']
['', '', '', '', '', '', '', '', '', '', '', '', '24.00', '100.0']
['510', 'NO114A', 'SA GIANG BUN GAO SA DEC', '', '', '', '1', 'CTNS', '24.00', 'per', 'CTNS', '0.000', '24.00']
['', '', '', '', '', '', '', '', '', '', '', '', '38.00', '100.0']
['490', 'CR100D', 'SA GIANG PHONG KHOAI LAN', '', '', '', '1', 'CTNS', '38.00', 'per', 'CTNS', '0.000', '38.00']
['', '', '', '', '', '', '', '', '', '', '', '', '90.00', '32.1']
['470', 'COF181', 'CAFE PHO', '3IN1 (BOX) WORLD', '', '', '2', 'CTNS', '140.00', 'per', 'CTNS', '0.000', '280.00']
['', '', '', '', '', '', '', '', '', '', '', '', '10.00', '9.5']
['440', 'CI101', 'SAMBAL OELEK GR CHILI', '', '', '*S*', '5', 'CTNS', '21.00', 'per CTNS', '', '0.000', '105.00']
['Invoice', '#:', '769343', 'Invoice date:', '09/25/18', 'Customer: ANDY', "ANDY'S INTERNATIONAL MKT", 'Sales rep:', '5']
['480', 'CR100C', 'SA GIANG POTATO CHIPS', '', '', '', '1', 'CTNS', '38.00', 'per', 'CTNS', '0.000', '38.00']
['', '', '200 GR X', '55 BX KHOAI TAY', '', '', '0.00', 'CTNS', '', '', '', '0.000', '0.00']
['', '', '', '', '', '', '', '', '', '', '', '', '38.00', '100.0']
['490', 'CR100D', 'SA GIANG PHONG KHOAI LAN', '', '', '', '1', 'CTNS', '38.00', 'per', 'CTNS', '0.000', '38.00']
['', '', '200 GR X', '55 SWEET POTATO', '', '', '0.00', 'CTNS', '', '', '', '0.000', '0.00']
['', '', '', '', '', '', '', '', '', '', '', '', '38.00', '100.0']
['500', 'NO114', 'SA GIANG BROWN RICE VERMI', '', '', '', '1', 'CTNS', '24.00', 'per', 'CTNS', '0.000', '24.00']
['', '', '7 OZ X', '30 BUN GAO LUC', '', '', '0.00', 'CTNS', '', '', '', '0.000', '0.00']
['', '', '', '', '', '', '', '', '', '', '', '', '24.00', '100.0']
['510', 'NO114A', 'SA GIANG BUN GAO SA DEC', '', '', '', '1', 'CTNS', '24.00', 'per', 'CTNS', '0.000', '24.00']
['', '', '7 OZ X', '30 BAG', '', '', '0.00', 'CTNS', '', '', '', '0.000', '0.00']
['', '', '', '', '', '', '', '', '', '', '', '', '24.00', '100.0']
['520', 'FR487', 'GP BEEF MEAT BALL', '', '*', '', '1', 'CTNS', '64.00', 'per', 'CTNS', '0.000', '64.00']
['', '', '11 OZ X', '20 BAG', '(BO VIEN)', '', '58.00', 'CTNS', '', '', '', '0.000', '58.00']
['', '', '', '', '', '', '', '', '', '', '', '', '6.00', '9.4']
['530', 'FR488', 'GP BEEF TENDON BALL', '', '', '', '1', 'CTNS', '64.00', 'per', 'CTNS', '0.000', '64.00']
['', '', '11 OZ X', '20 bo vien gan', '', '', '58.00', 'CTNS', '', '', '', '0.000', '58.00']
['', '', '', '', '', '', '', '', '', '', '', '', '6.00', '9.4']
['540', 'FR488A', 'GP BO VIEN GAN', '', '*JUMBO*', '', '1', 'CTNS', '75.00', 'per', 'CTNS', '0.000', '75.00']
['', '', '4.25 LBS X', '4 BAG', '', '', '68.00', 'CTNS', '', '', '', '0.000', '68.00']
['', '', '', '', '', '', '', '', '', '', '', '', '7.00', '9.3']
['', '', '', '', '', '', '', '', '', '', '', '', '6.00', '9.8']
['650', 'GR301', 'GREAT WALL BEEF TENDON', '', '', '', '1', 'CTNS', '61.00', 'per', 'CTNS', '0.000', '61.00']
['', '', '', '', '', '', '', '', '', '', '', '', '34.32', '30.6']
['630', 'FR115B', 'OF TRE VANG WHOLE', '', '', '800 UP', '2', 'CTNS', '56.10', 'per', 'CTNS', '0.000', '112.20']
['', '', '', '', '', '', '', '', '', '', '', '', '195.00', '31.7']
['610', 'FR179', 'OF CA HE GIA VI', '', '2 PC', '', '5', 'CTNS', '123.00', 'per', 'CTNS', '0.000', '615.00']
['', '', '', '', '', '', '', '', '', '', '', '', '14.80', '41.1']
['590', 'FR312', 'LAF PANDAN LEAVE (LA DUA)', '', '', '', '1', 'CTNS', '36.00', 'per', 'CTNS', '0.000', '36.00']
['', '', '', '', '', '', '', '', '', '', '', '', '56.60', '30.6']
['560', 'FR710B', 'FR. COOK UNPEEL CORN', '', '', '3 PC', '5', 'CTNS', '37.00', 'per CTNS', '', '0.000', '185.00']
['Invoice', '#:', '769343', 'Invoice date:', '09/25/18', 'Customer: ANDY', "ANDY'S INTERNATIONAL MKT", 'Sales rep:', '5']
['600', 'FR178A', 'OF CA HE', '*300/UP*', '', '$2.60', '5', 'CTNS', '85.80', 'per', 'CTNS', '0.000', '429.00']
['', '', '33 LBS', '*VN* RIVERBARB', '', '', '57.09', 'CTNS', '', '', '', '0.000', '285.45']
['', '', '', '', '', '', '', '', '', '', '', '', '143.55', '33.5']
['610', 'FR179', 'OF CA HE GIA VI', '', '2 PC', '', '5', 'CTNS', '123.00', 'per', 'CTNS', '0.000', '615.00']
['', '', '10oz x', '60 MARINATE R-BARB', '', '', '84.00', 'CTNS', '', '', '', '0.000', '420.00']
['', '', '', '', '', '', '', '', '', '', '', '', '195.00', '31.7']
['620', 'FR125', 'SUN THIT OC BU SNAIL MEAT', '', '', '', '4', 'CTNS', '49.00', 'per', 'CTNS', '0.000', '196.00']
['', '', '14OZ X', '30', '*F0035', '', '43.50', 'CTNS', '', '', '', '0.000', '174.00']
['', '', '', '', '', '', '', '', '', '', '', '', '22.00', '11.2']
['630', 'FR115B', 'OF TRE VANG WHOLE', '', '', '800 UP', '2', 'CTNS', '56.10', 'per', 'CTNS', '0.000', '112.20']
['', '', '33 LB BROADHEAD', '', '', '$1.70', '38.94', 'CTNS', '', '', '', '0.000', '77.88']
['', '', '', '', '', '', '', '', '', '', '', '', '34.32', '30.6']
['640', 'GR300', 'GREAT WALL BEEF MEAT BALL', '', '', '', '1', 'CTNS', '61.00', 'per', 'CTNS', '0.000', '61.00']
['', '', '11 OZ X', '', '20 (BO VIEN)#311', '', '55.00', 'CTNS', '', '', '', '0.000', '55.00']
['', '', '', '', '', '', '', '', '', '', '', '', '6.00', '9.8']
['650', 'GR301', 'GREAT WALL BEEF TENDON', '', '', '', '1', 'CTNS', '61.00', 'per', 'CTNS', '0.000', '61.00']
['', '', '11 OZ X', '', '20 (BO VIEN GAN)', '', '55.00', 'CTNS', '', '', '', '0.000', '55.00']
['', '', '', '', '', '', '', '', '', '', '', '', '6.00', '9.8']
['660', 'FR350', 'BMK MEAT BALL', '', '', '', '1', 'CTNS', '66.00', 'per', 'CTNS', '0.000', '66.00']
['', '', '11 OZ X', '20 BAGS', '', '', '60.00', 'CTNS', '', '', '', '0.000', '60.00']
['', '', '', '', '', '', '', '', '', '', '', '', '6.00', '9.1']
['', '', '', '', '', '', '', '', '', '', '67.82', '31.4']
['700', 'FR152', 'LAF BA KHIA (AN LIEN)', '', '', '2', 'CTNS', '108.00', 'per CTNS', '0.000', '216.00']
['', '', '', '', '', '', '', '', '', '', '6.00', '9.1']
['680', 'FR352', 'BMK PORK MEAT BALL', '', '', '1', 'CTNS', '66.00', 'per CTNS', '0.000', '66.00']
['Invoice', '#:', '769343', 'Invoice date:', '09/25/18', 'Customer: ANDY', "ANDY'S INTERNATIONAL MKT", 'Sales rep:', '5']
['', '', '', '', '', '', '', '', '', '', '6.00', '9.1']
['690', 'FR183', 'OF CHA CA THAT LAT', '', '', '1', 'CTNS', '180.00', 'per CTNS', '0.000', '180.00']
['', '', '14 OZ X', '50 BG', 'VIETNAM', '111.76', 'CTNS', '', '', '0.000', '111.76']
['', '', '', '', '', '', '', '', '', '', '68.24', '37.9']
['700', 'FR152', 'LAF BA KHIA (AN LIEN)', '', '', '2', 'CTNS', '108.00', 'per CTNS', '0.000', '216.00']
['', '', '14OZX40', '*LAL FARM* YELLOW', '', '74.09', 'CTNS', '', '', '0.000', '148.18']
['', '', '', '', '', '', '', '', '', '', '67.82', '31.4']
['710', 'UT818', 'PALLET', '', '', '2', 'CTNS', '7.00', 'per CTNS', '0.000', '14.00']
['', '', 'EACH', '', '', '5.75', 'CTNS', '', '', '0.000', '11.50']
['', '', '', '', '', '', '', '', '', '', '2.50', '17.9']
['', '', '', '', '', '', '', '', 'Invoice totals:', '', '6793.80']
['', '', '', '', '', '', '', '', '', '', '5391.50']
['', '', '', '', '', '', '', '', '', '', '1402.30', '20.6']
['', '', '', '', '', '', '', '', '', '', '40.00', '3.2']
['80', 'SS193', 'SWISS MAGGIE SEASONING L', '', '', '20', 'CTNS', '62.00', 'per CTNS', '0.000', '1240.00']
['', '', '', '', '', '', '', '', '', '', '15.00', '10.0']
['60', 'DD106', 'KTT GV THIT & CA KHO TO', '', '', '5', 'CTNS', '30.00', 'per CTNS', '0.000', '150.00']
['', '', '', '', '', '', '', '', '', '', '5.00', '11.1']
['40', 'DD118', 'KTT CARI NI AN DO (BAG)', '', '', '1', 'CTNS', '45.00', 'per CTNS', '0.000', '45.00']
['', '', '', '', '', '', '', '', '', '', '20.00', '10.0']
['20', 'NT001', 'KHAO SHONG COCO PEANUT*L*', '', '', '5', 'CTNS', '40.00', 'per CTNS', '0.000', '200.00']
['', '', '8.46 OZ X', '12 CANS', '', '30.00', 'CTNS', '', '', '0.000', '90.00']
['4']
['', '', '', '', '', '', '', '', '', '', '90.00-', '100.0']
['2', 'FP214', 'INV#', '769540 (PG.4) NP MAM', '', '1-', 'CTNS', '90.00', 'per CTNS', '0.000', '90.00-']
['Invoice', '#:', '769344', 'Invoice date:', '09/25/18', 'Customer: K060', 'KIM NHUNG MARKETPLACE', 'Sales rep:', '17']
['', '', '360 GR X', '12 CAN', '*L*', '36.00', 'CTNS', '', '', '0.000', '180.00']
['', '', '', '', '', '', '', '', '', '', '20.00', '10.0']
['30', 'NT004', 'KHAO SHONG COFFEE PEANUT', '', '', '5', 'CASE', '40.00', 'per CASE', '0.000', '200.00']
['', '', '360 GM X', '12 CANS', '', '36.00', 'CASE', '', '', '0.000', '180.00']
['', '', '', '', '', '', '', '', '', '', '20.00', '10.0']
['40', 'DD118', 'KTT CARI NI AN DO (BAG)', '', '', '1', 'CTNS', '45.00', 'per CTNS', '0.000', '45.00']
['', '', '4OZ/50 CURRY POWDER A-19', '', '', '40.00', 'CTNS', '', '', '0.000', '40.00']
['', '', '', '', '', '', '', '', '', '', '5.00', '11.1']
['50', 'DD104', 'KTT GV BO KHO', '', '*STEW SPICE', '5', 'CTNS', '30.00', 'per CTNS', '0.000', '150.00']
['', '', '2 OZ X', '50 BAGS MIX', 'A-22', '27.00', 'CTNS', '', '', '0.000', '135.00']
['', '', '', '', '', '', '', '', '', '', '15.00', '10.0']
['60', 'DD106', 'KTT GV THIT & CA KHO TO', '', '', '5', 'CTNS', '30.00', 'per CTNS', '0.000', '150.00']
['', '', '2z/50 CATFISH/MEAT', '', '#A-27', '27.00', 'CTNS', '', '', '0.000', '135.00']
['', '', '', '', '', '', '', '', '', '', '15.00', '10.0']
['70', 'DD111', 'KTT OT MAU', '', '*PARIKA POWDER', '1', 'CTNS', '28.00', 'per CTNS', '0.000', '28.00']
['', '', '2 OZ X', '50 BAGS', 'A-35', '25.00', 'CTNS', '', '', '0.000', '25.00']
['', '', '', '', '', '', '', '', '', '', '3.00', '10.7']
['80', 'SS193', 'SWISS MAGGIE SEASONING L', '', '', '20', 'CTNS', '62.00', 'per CTNS', '0.000', '1240.00']
['', '', '27 Z/6 BT', '', '[F12] expensive', '60.00', 'CTNS', '', '', '0.000', '1200.00']
['', '', '', '', '', '', '', '', '', '', '40.00', '3.2']
['', '', '', '', '', '', '', '', '', '', '', '240.00', '100.0']
['280', 'PC202', 'CBH BON BON CHUA NGOT', '', '', '5', 'CTNS', '48.00', 'per', 'CTNS', '0.000', '240.00']
['', '', '', '', '', '', '', '', '', '', '', '49.27', '49.3']
['240', 'JO110A', 'NHANG TU QUY', '', "8'8 bao", '1', 'CTNS', '100.00', 'per', 'CTNS', '0.000', '100.00']
['', '', '', '', '', '', '', '', '', '', '', '5.50', '16.2']
['220', 'RS151', 'ASUKA SINGAPORE RICESTICK', '', '', '1', 'CTNS', '34.00', 'per', 'CTNS', '0.000', '34.00']
['', '', '', '', '', '', '', '', '', '', '', '24.30', '10.9']
['200', 'MS100', 'AJINOMOTO MSG', '', '3 LBS', '3', 'CTNS', '74.00', 'per', 'CTNS', '0.000', '222.00']
['', '', '', '', '', '', '', '', '', '', '', '20.00', '8.0']
['100', 'RP173A', '3 LADY RICE PAPER', '', '22 CM', '5', 'CTNS', '50.00', 'per CTNS', '', '0.000', '250.00']
['Invoice', '#:', '769344', 'Invoice date:', '09/25/18', 'Customer: K060', 'KIM NHUNG MARKETPLACE', 'Sales rep:', '17']
['210', 'MS101', 'AJINOMOTO MSG (BAGS)', '', '', '3', 'CTNS', '74.00', 'per', 'CTNS', '0.000', '222.00']
['', '', '16 OZ X', '48 BAGS', '[C30]', '68.10', 'CTNS', '', '', '', '0.000', '204.30']
['', '', '', '', '', '', '', '', '', '', '', '17.70', '8.0']
['220', 'RS151', 'ASUKA SINGAPORE RICESTICK', '', '', '1', 'CTNS', '34.00', 'per', 'CTNS', '0.000', '34.00']
['', '', '14 OZ X', '30 BAGS', '', '28.50', 'CTNS', '', '', '', '0.000', '28.50']
['', '', '', '', '', '', '', '', '', '', '', '5.50', '16.2']
['230', 'MI120', 'BLACK & WHITE COND. MILK', '', '', '32', 'CTNS', '34.50', 'per', 'CTNS', '0.000', '1104.00']
['', '', '14 OZ X', '24 CANS', '[C25]', '32.00', 'CTNS', '', '', '', '0.000', '1024.00']
['', '', '', '', '', '', '', '', '', '', '', '80.00', '7.2']
['240', 'JO110A', 'NHANG TU QUY', '', "8'8 bao", '1', 'CTNS', '100.00', 'per', 'CTNS', '0.000', '100.00']
['', '', '20 BOX', '*3tac6* hiep long', '', '50.73', 'CTNS', '', '', '', '0.000', '50.73']
['', '', '', '', '', '', '', '', '', '', '', '49.27', '49.3']
['250', 'UT231', 'BUTANE GAS', '', '', '10', 'CTNS', '20.00', 'per', 'CTNS', '0.000', '200.00']
['', '', '8 OZ X', '28 BOTTLES', '', '18.00', 'CTNS', '', '', '', '0.000', '180.00']
['', '', '', '', '', '', '', '', '', '', '', '20.00', '10.0']
['280', 'PC202', 'CBH BON BON CHUA NGOT', '', '', '5', 'CTNS', '48.00', 'per', 'CTNS', '0.000', '240.00']
['', '', '800 GR X', '12 JAR', '', '0.00', 'CTNS', '', '', '', '0.000', '0.00']
['', '', '', '', '', '', '', '', '', '', '', '240.00', '100.0']
['290', 'FD146', 'CHIN-C BASIL SEED DRINK', '', '', '10', 'CTNS', '14.00', 'per', 'CTNS', '0.000', '140.00']
['', '', '10.7 OZ X', '24 CAN', 'CRV001', '12.70', 'CTNS', '', '', '', '0.000', '127.00']
['', '', '', '', '', '', '', '', '', '', '', '13.00', '9.3']
['', '', '', '', '', '', '', '', '', '', '', '', '22.50', '9.4']
['430', 'NO240A', 'HAO HAO ONION SATE', '', '', '*BAG*', '10', 'BDL', '24.00', 'per', 'BDL', '0.000', '240.00']
['', '', '', '', '', '', '', '', '', '', '', '', '32.50', '22.0']
['390', 'FD105B', 'FOCO ROAST. COCONUT JUICE', '', '', '', '10', 'CTNS', '14.75', 'per', 'CTNS', '0.000', '147.50']
['', '', '', '', '', '', '', '', '', '', '', '', '22.10', '14.7']
['370', 'FD100', 'FOCO ALOE VERA DESSERT', '', '', '', '10', 'CTNS', '15.00', 'per', 'CTNS', '0.000', '150.00']
['', '', '', '', '', '', '', '', '', '', '', '', '32.00', '13.5']
['330', 'SS107E', 'CJ KALBI RIB SAUCE', '', '*L*', '', '10', 'CTNS', '23.76', 'per', 'CTNS', '0.000', '237.60']
['', '', '', '', '', '', '', '', '', '', '', '', '16.00', '13.5']
['310', 'SS107C', 'CJ BULGOGI BEEF SAUCE', '', '', '*L*', '5', 'CTNS', '23.76', 'per CTNS', '', '0.000', '118.80']
['Invoice', '#:', '769344', 'Invoice date:', '09/25/18', 'Customer: K060', 'KIM NHUNG MARKETPLACE', 'Sales rep:', '17']
['340', 'SS107A', 'CJ KALBI RIB SAUCE', '', '*S*', '', '3', 'CTNS', '25.08', 'per', 'CTNS', '0.000', '75.24']
['', '', '16.9 OZ X', '12', '', '', '21.72', 'CTNS', '', '', '', '0.000', '65.16']
['', '', '', '', '', '', '', '', '', '', '', '', '10.08', '13.4']
['370', 'FD100', 'FOCO ALOE VERA DESSERT', '', '', '', '10', 'CTNS', '15.00', 'per', 'CTNS', '0.000', '150.00']
['', '', '280 GM X', '24 BAG', '', '', '12.79', 'CTNS', '', '', '', '0.000', '127.90']
['', '', '', '', '', '', '', '', '', '', '', '', '22.10', '14.7']
['380', 'FD105', 'FOCO COCONUT JUICE', '', '', '11oz', '10', 'CTNS', '13.25', 'per', 'CTNS', '0.000', '132.50']
['', '', '11.8 OZ X', '24 CANcrv', '', '', '11.48', 'CTNS', '', '', '', '0.000', '114.80']
['', '', '', '', '', '', '', '', '', '', '', '', '17.70', '13.4']
['390', 'FD105B', 'FOCO ROAST. COCONUT JUICE', '', '', '', '10', 'CTNS', '14.75', 'per', 'CTNS', '0.000', '147.50']
['', '', '11.8 OZ X', '24 CANcrv2', '', '', '11.50', 'CTNS', '', '', '', '0.000', '115.00']
['', '', '', '', '', '', '', '', '', '', '', '', '32.50', '22.0']
['420', 'NO148B', 'GOOD TOMYUM VERMICELLI', '', '', '', '2', 'CTNS', '25.50', 'per', 'CTNS', '0.000', '51.00']
['', '', '48 BAGS X', '60 G RED', '', '', '22.50', 'CTNS', '', '', '', '0.000', '45.00']
['', '', '', '', '', '', '', '', '', '', '', '', '6.00', '11.8']
['430', 'NO240A', 'HAO HAO ONION SATE', '', '', '*BAG*', '10', 'BDL', '24.00', 'per', 'BDL', '0.000', '240.00']
['', '', '30 BAG X', '3 BOX', '', '[J31]', '21.75', 'BDL', '', '', '', '0.000', '217.50']
['', '', '', '', '', '', '', '', '', '', '', '', '22.50', '9.4']
['440', 'CO159B', 'POCKY CHOCO & BANANA', '', '', '', '2', 'CTNS', '30.00', 'per', 'CTNS', '0.000', '60.00']
['', '', '6 X', '20 BOX', 'CRACKER', '', '38.75', 'CTNS', '', '', '', '0.000', '77.50']
['', '', '', '', '', '', '', '', '', '', '', '', '17.50-', '29.2-']
['', '', '', '', '', '', '', '', '', '', '', '', '5.00', '11.3']
['630', 'RI130', 'KOKUHO RICE YELLOW', '', '', '15 LBS', '5', 'BAGS', '8.85', 'per', 'BAGS', '0.000', '44.25']
['', '', '', '', '', '', '', '', '', '', '', '', '227.50', '49.5']
['610', 'PW224', 'KNORR PORK SEASON BOT NEM', '', '', '', '10', 'CTNS', '46.00', 'per', 'CTNS', '0.000', '460.00']
['', '', '', '', '', '', '', '', '', '', '', '', '71.00', '47.3']
['590', 'UT119', 'KHAY BANH TRANG', '', '', '22CM', '1', 'CTNS', '150.00', 'per', 'CTNS', '0.000', '150.00']
['', '', '', '', '', '', '', '', '', '', '', '', '17.20', '11.2']
['550', 'SE125', 'KADOYA SESAME OIL', '', '', '22 OZ', '2', 'CTNS', '77.00', 'per', 'CTNS', '0.000', '154.00']
['', '', '', '', '', '', '', '', '', '', '', '', '10.50', '8.9']
['460', 'TO100', 'HOUSE TOFU MIX', '', '', '02/15/2019', '1', 'CTNS', '118.00', 'per CTNS', '', '0.000', '118.00']
['Invoice', '#:', '769344', 'Invoice date:', '09/25/18', 'Customer: K060', 'KIM NHUNG MARKETPLACE', 'Sales rep:', '17']
['560', 'BN102B', 'KASET GREEN MUNG BEAN', '', '', '', '3', 'CTNS', '42.00', 'per', 'CTNS', '0.000', '126.00']
['', '', '14 OZ X', '50 BAGS', '', '', '31.20', 'CTNS', '', '', '', '0.000', '93.60']
['', '', '', '', '', '', '', '', '', '', '', '', '32.40', '25.7']
['590', 'UT119', 'KHAY BANH TRANG', '', '', '22CM', '1', 'CTNS', '150.00', 'per', 'CTNS', '0.000', '150.00']
['', '', '50 PACK', '(10pcs/pk)', '', '*BT11*', '79.00', 'CTNS', '', '', '', '0.000', '79.00']
['', '', '', '', '', '', '', '', '', '', '', '', '71.00', '47.3']
['600', 'UT340', 'KHUON BANH CUON', '', '', '26 CM', '2', 'PCS', '21.00', 'per', 'PCS', '0.000', '42.00']
['', '', '1 PCS', '', '', '', '10.58', 'PCS', '', '', '', '0.000', '21.16']
['', '', '', '', '', '', '', '', '', '', '', '', '20.84', '49.6']
['610', 'PW224', 'KNORR PORK SEASON BOT NEM', '', '', '', '10', 'CTNS', '46.00', 'per', 'CTNS', '0.000', '460.00']
['', '', '2LB X', '8', 'XUONG HEO', '10+1', '23.25', 'CTNS', '', '', '', '0.000', '232.50']
['', '', '', '', '', '', '', '', '', '', '', '', '227.50', '49.5']
['620', 'PW224', 'KNORR PORK SEASON BOT NEM', '', '', '', '1', 'CTNS', '0.00', 'per', 'CTNS', '0.000', '0.00']
['', '', '2LB X', '8', 'XUONG HEO', '10+1', '23.25', 'CTNS', '', '', '', '0.000', '23.25']
['', '', '', '', '', '', '', '', '', '', '', '', '23.25-', '0.0']
['630', 'RI130', 'KOKUHO RICE YELLOW', '', '', '15 LBS', '5', 'BAGS', '8.85', 'per', 'BAGS', '0.000', '44.25']
['', '', '15 LBS', '*EXTRA FANCY*', '', '', '7.85', 'BAGS', '', '', '', '0.000', '39.25']
['', '', '', '', '', '', '', '', '', '', '', '', '5.00', '11.3']
['660', 'DD132', 'KTT BOT BANH GIO', '', '', '* A-07', '2', 'CTNS', '30.50', 'per', 'CTNS', '0.000', '61.00']
['', '', '12Z/50 ST PORK RICE FLOUR', '', '', '', '27.50', 'CTNS', '', '', '', '0.000', '55.00']
['', '', '', '', '', '', '', '', '', '', '', '', '6.00', '9.8']
['', '', '', '', '', '', '', '', '', '', '', '', '6.20', '9.5']
['770', 'SD141', 'LIGO SARDINE RED', '', '15 OZ', '', '1', 'CTNS', '65.00', 'per', 'CTNS', '0.000', '65.00']
['', '', '', '', '', '', '', '', '', '', '', '', '33.75', '30.7']
['740', 'CF350', 'LAL YOUNG GREEN JACKFRUIT', '', '', '', '5', 'CTNS', '22.00', 'per', 'CTNS', '0.000', '110.00']
['', '', '', '', '', '', '', '', '', '', '', '', '8.40', '32.3']
['720', 'BR105', 'LAL SPICY CRAB SOUP', '', '', '[A12]', '1', 'CTNS', '26.00', 'per', 'CTNS', '0.000', '26.00']
['', '', '', '', '', '', '', '', '', '', '', '', '48.16-', '0.0']
['700', 'VE101', 'LAL LUNGKOW BEAN THREAD', '', '', '', '1', 'CTNS', '0.00', 'per', 'CTNS', '0.000', '0.00']
['', '', '', '', '', '', '', '', '', '', '', '', '20.07', '21.1']
['680', 'SF191', 'LAL CRAB MEAT W/LEGMEAT', '', '', '', '1', 'CTNS', '95.00', 'per CTNS', '', '0.000', '95.00']
['Invoice', '#:', '769344', 'Invoice date:', '09/25/18', 'Customer: K060', 'KIM NHUNG MARKETPLACE', 'Sales rep:', '17']
['710', 'BS170', 'LAL SOUR BBS', '', '4 LBS', '', '15', 'CTNS', '16.00', 'per', 'CTNS', '0.000', '240.00']
['', '', '4 LBS X', '6 BOTTLES', '', '[A31]', '9.95', 'CTNS', '', '', '', '0.000', '149.25']
['', '', '', '', '', '', '', '', '', '', '', '', '90.75', '37.8']
['720', 'BR105', 'LAL SPICY CRAB SOUP', '', '', '[A12]', '1', 'CTNS', '26.00', 'per', 'CTNS', '0.000', '26.00']
['', '', '28 OZ/24', 'BUN RIEU CUA', '', '', '17.60', 'CTNS', '', '', '', '0.000', '17.60']
['', '', '', '', '', '', '', '', '', '', '', '', '8.40', '32.3']
['730', 'BR103', 'LAL VEGETABLE BROTH', '', '', '', '3', 'CTNS', '24.00', 'per', 'CTNS', '0.000', '72.00']
['', '', '28 X', '24 SOUP AN CHAY', '', '[A5]', '15.40', 'CTNS', '', '', '', '0.000', '46.20']
['', '', '', '', '', '', '', '', '', '', '', '', '25.80', '35.8']
['740', 'CF350', 'LAL YOUNG GREEN JACKFRUIT', '', '', '', '5', 'CTNS', '22.00', 'per', 'CTNS', '0.000', '110.00']
['', '', '20 OZ X', '24', '', '', '15.25', 'CTNS', '', '', '', '0.000', '76.25']
['', '', '', '', '', '', '', '', '', '', '', '', '33.75', '30.7']
['750', 'SS150', 'LAURIAT SOY SAUCE', '', '', '', '2', 'CTNS', '19.00', 'per', 'CTNS', '0.000', '38.00']
['', '', '25 OZ X', '12 BT', '', '[F19]', '15.65', 'CTNS', '', '', '', '0.000', '31.30']
['', '', '', '', '', '', '', '', '', '', '', '', '6.70', '17.6']
['770', 'SD141', 'LIGO SARDINE RED', '', '15 OZ', '', '1', 'CTNS', '65.00', 'per', 'CTNS', '0.000', '65.00']
['', '', '15 OZ. X', '48 CANS', '', 'CHILI', '58.80', 'CTNS', '', '', '', '0.000', '58.80']
['', '', '', '', '', '', '', '', '', '', '', '', '6.20', '9.5']
['780', 'VE106', 'LUNGKOW BEAN THREAD', '', '', '17.6z', '1', 'CTNS', '42.00', 'per', 'CTNS', '0.000', '42.00']
['', '', '17.6 OZ X', '50', '*LAL*', '10+1', '27.25', 'CTNS', '', '', '', '0.000', '27.25']
['', '', '', '', '', '', '', '', '', '', '', '', '14.75', '35.1']
['', '', '', '', '', '', '', '', '', '', '', '16.00', '4.8']
['895', 'RS135C', 'NP BUN TUOI TAY DO', '', '', '10', 'CTNS', '33.60', 'per', 'CTNS', '0.000', '336.00']
['', '', '', '', '', '', '', '', '', '', '', '70.00', '5.5']
['880', 'HM152', 'CALIFORNIA.PORK SAUSAGE', '', '', '10', 'CTNS', '127.00', 'per', 'CTNS', '0.000', '1270.00']
['', '', '', '', '', '', '', '', '', '', '', '5.58', '10.1']
['840', 'VI110', "MARUKAN S'SND VINEGAR", '', '*L*', '2', 'CTNS', '27.50', 'per', 'CTNS', '0.000', '55.00']
['', '', '', '', '', '', '', '', '', '', '', '140.00', '9.7']
['820', 'SS194', 'FRENCH MAGGI SAUCE', '', '*L*', '20', 'CTNS', '72.00', 'per', 'CTNS', '0.000', '1440.00']
['', '', '', '', '', '', '', '', '', '', '', '2.00', '12.5']
['800', 'SS154', 'MAEKRUA OYSTER SAUCE', '', '*S*', '1', 'CTNS', '16.00', 'per CTNS', '', '0.000', '16.00']
['Invoice', '#:', '769344', 'Invoice date:', '09/25/18', 'Customer: K060', 'KIM NHUNG MARKETPLACE', 'Sales rep:', '17']
['830', 'SS190B', 'MAGGI SOY SAUCE VN LARGE', '', '', '14', 'CTNS', '21.00', 'per', 'CTNS', '0.000', '294.00']
['', '', '700 ML X', '12 BT', '*YELLOW*', '12.00', 'CTNS', '', '', '', '0.000', '168.00']
['', '', '', '', '', '', '', '', '', '', '', '126.00', '42.9']
['840', 'VI110', "MARUKAN S'SND VINEGAR", '', '*L*', '2', 'CTNS', '27.50', 'per', 'CTNS', '0.000', '55.00']
['', '', '24 OZ X', '12 BT', 'ORANGE', '24.71', 'CTNS', '', '', '', '0.000', '49.42']
['', '', '', '', '', '', '', '', '', '', '', '5.58', '10.1']
['870', 'HM151', 'CALIFORNIA.CHICKEN SAUSAG', '', '', '10', 'CTNS', '127.00', 'per', 'CTNS', '0.000', '1270.00']
['', '', '16 OZ X', '24 BAGS', '', '120.00', 'CTNS', '', '', '', '0.000', '1200.00']
['', '', '', '', '', '', '', '', '', '', '', '70.00', '5.5']
['880', 'HM152', 'CALIFORNIA.PORK SAUSAGE', '', '', '10', 'CTNS', '127.00', 'per', 'CTNS', '0.000', '1270.00']
['', '', '16 OZ X', '24 BAG', '', '120.00', 'CTNS', '', '', '', '0.000', '1200.00']
['', '', '', '', '', '', '', '', '', '', '', '70.00', '5.5']
['890', 'RS231', 'NG FUNG FINE VERM.bun', '', '*S*', '5', 'CTNS', '49.00', 'per', 'CTNS', '0.000', '245.00']
['', '', '10.5/60', 'giang tay', 'I32', '46.00', 'CTNS', '', '', '', '0.000', '230.00']
['', '', '', '', '', '', '', '', '', '', '', '15.00', '6.1']
['895', 'RS135C', 'NP BUN TUOI TAY DO', '', '', '10', 'CTNS', '33.60', 'per', 'CTNS', '0.000', '336.00']
['', '', '32 OZ X', '24 BAGS', '', '32.00', 'CTNS', '', '', '', '0.000', '320.00']
['', '', '', '', '', '', '', '', '', '', '', '16.00', '4.8']
['910', 'SS222', 'NP NUOC MAU DUA', '', '*12 OZ*', '1', 'CTNS', '38.00', 'per', 'CTNS', '0.000', '38.00']
['', '', '12 OZ X', '24BT COCO CARAMEL', '', '24.00', 'CTNS', '', '', '', '0.000', '24.00']
['', '', '', '', '', '', '', '', '', '', '', '14.00', '36.8']
['', '', '', '', '', '', '', '', '', '', '', '', '8.10', '10.9']
['80', 'SS130', '', 'PRB DARK SOY SAUCE', '', '500ML', '2', 'CTNS', '37.00', 'per', 'CTNS', '0.000', '74.00']
['', '', '', '', '', '', '', '', '', '', '', '', '15.97', '26.2']
['10', 'PA199B', '', 'POR KWAN GR CHILI W FRIED', '', '', '1', 'CTNS', '61.00', 'per', 'CTNS', '0.000', '61.00']
['', '', '', '', '', '', '', '', '', '', '', '', '6.98', '26.8']
['980', 'PA210', '', 'POR KWAN BLK PEPPER SAUCE', '', '', '1', 'CTNS', '26.00', 'per', 'CTNS', '0.000', '26.00']
['', '', '', '', '', '', '', '', '', '', '', '', '0.00', '0.0']
['960', 'MI110', '', 'PARROT BRAND COND. MILK', '', '', '40', 'CTNS', '31.00', 'per', 'CTNS', '0.000', '1240.00']
['', '', '', '', '', '', '', '', '', '', '', '', '50.04', '40.0']
['940', 'PE111', '', 'NP WHITE PEPPER WHOLE', '', '', '1', 'CTNS', '125.00', 'per CTNS', '', '0.000', '125.00']
['Invoice', '#:', '769344', 'Invoice date:', '', '09/25/18', 'Customer: K060', '', 'KIM NHUNG MARKETPLACE', '', 'Sales rep:', '17']
['970', 'FD158A', '', 'PHI CALAMANSI DRINK', '', '', '3', 'CTNS', '15.00', 'per', 'CTNS', '0.000', '45.00']
['', '', '', '8.4 OZ X', '24 CANS', '', '13.30', 'CTNS', '', '', '', '0.000', '39.90']
['', '', '', '', '', '', '', '', '', '', '', '', '5.10', '11.3']
['980', 'PA210', '', 'POR KWAN BLK PEPPER SAUCE', '', '', '1', 'CTNS', '26.00', 'per', 'CTNS', '0.000', '26.00']
['', '', '', '8 OZ X', '24 G.V. BO LUC LAC', '', '19.02', 'CTNS', '', '', '', '0.000', '19.02']
['', '', '', '', '', '', '', '', '', '', '', '', '6.98', '26.8']
['0', 'PA205', '', 'POR KWAN CHILI W/HOLY', '', '', '1', 'CTNS', '31.00', 'per', 'CTNS', '0.000', '31.00']
['', '', '', '7 OZ X', '24 BASIL LEAVES', '', '23.68', 'CTNS', '', '', '', '0.000', '23.68']
['', '', '', '', '', '', '', '', '', '', '', '', '7.32', '23.6']
['10', 'PA199B', '', 'POR KWAN GR CHILI W FRIED', '', '', '1', 'CTNS', '61.00', 'per', 'CTNS', '0.000', '61.00']
['', '', '', '14.11OZ X', '', '24 GARLIC SATAY', '45.03', 'CTNS', '', '', '', '0.000', '45.03']
['', '', '', '', '', '', '', '', '', '', '', '', '15.97', '26.2']
['50', 'PA2003', '', 'POR KWAN TOM YUM PASTE-S-', '', '', '2', 'CTNS', '33.00', 'per', 'CTNS', '0.000', '66.00']
['', '', '', '8 OZ X', '24', '', '22.25', 'CTNS', '', '', '', '0.000', '44.50']
['', '', '', '', '', '', '', '', '', '', '', '', '21.50', '32.6']
['80', 'SS130', '', 'PRB DARK SOY SAUCE', '', '500ML', '2', 'CTNS', '37.00', 'per', 'CTNS', '0.000', '74.00']
['', '', '', '17 OZ X', '24', '[F31] SUPERIOR', '32.95', 'CTNS', '', '', '', '0.000', '65.90']
['', '', '', '', '', '', '', '', '', '', '', '', '8.10', '10.9']
['90', 'SS131', '', 'PRB LIGHT SOY SAUCE', '', '500ML', '2', 'CTNS', '28.50', 'per', 'CTNS', '0.000', '57.00']
['', '', '', '17 OZ X', '24', '[F30] SUPERIOR', '25.90', 'CTNS', '', '', '', '0.000', '51.80']
['', '', '', '', '', '', '', '', '', '', '', '', '5.20', '9.1']
['', '', '', '', '', '', '', '', '', '', '', '', '7.40', '11.9']
['190', 'PW115', '', 'VANILLA SUGAR', '', '', '2', 'CTNS', '31.00', 'per', 'CTNS', '0.000', '62.00']
['', '', '', '', '', '', '', '', '', '', '', '', '162.00', '84.4']
['170', 'BR122', '', 'QUOC VIET PHO GA', '', '*S*', '2', 'CTNS', '96.00', 'per', 'CTNS', '0.000', '192.00']
['', '', '', '', '', '', '', '', '', '', '', '', '4.20', '4.4']
['150', 'BR136', '', 'QUOC VIET COT BO KHO', '', '', '1', 'CTNS', '96.00', 'per', 'CTNS', '0.000', '96.00']
['', '', '', '', '', '', '', '', '', '', '', '', '160.50', '11.5']
['130', 'PA131', '', 'PANTAI CRAB PST W/OIL#1', '', '', '15', 'CTNS', '92.73', 'per', 'CTNS', '0.000', '1390.95']
['', '', '', '', '', '', '', '', '', '', '', '', '17.92', '27.2']
['110', 'PA149', '', 'PANTAI CANTONESE SUKI', '', '', '2', 'CTNS', '33.00', 'per CTNS', '', '0.000', '66.00']
['Invoice', '#:', '769344', 'Invoice date:', '', '09/25/18', 'Customer: K060', '', 'KIM NHUNG MARKETPLACE', '', 'Sales rep:', '17']
['140', 'CI192', '', 'PANTAI SWT CHILI SAUCE', '', '*L', '5', 'CTNS', '29.00', 'per', 'CTNS', '0.000', '145.00']
['', '', '', '32 OZ x', '12', 'SPRING ROLL', '25.00', 'CTNS', '', '', '', '0.000', '125.00']
['', '', '', '', '', '', '', '', '', '', '', '', '20.00', '13.8']
['150', 'BR136', '', 'QUOC VIET COT BO KHO', '', '', '1', 'CTNS', '96.00', 'per', 'CTNS', '0.000', '96.00']
['', '', '', '10 OZ X', '24 BOTTLE', '#38', '91.80', 'CTNS', '', '', '', '0.000', '91.80']
['', '', '', '', '', '', '', '', '', '', '', '', '4.20', '4.4']
['160', 'BR126', '', 'QUOC VIET SOUP GA', '', '', '2', 'CTNS', '96.00', 'per', 'CTNS', '0.000', '192.00']
['', '', '', '10 OZ X', '24 JARS', '#14', '91.80', 'CTNS', '', '', '', '0.000', '183.60']
['', '', '', '', '', '', '', '', '', '', '', '', '8.40', '4.4']
['170', 'BR122', '', 'QUOC VIET PHO GA', '', '*S*', '2', 'CTNS', '96.00', 'per', 'CTNS', '0.000', '192.00']
['', '', '', '10 OZ X', '24 JARS', '#04', '15.00', 'CTNS', '', '', '', '0.000', '30.00']
['', '', '', '', '', '', '', '', '', '', '', '', '162.00', '84.4']
['180', 'FS200', '', 'RED BOAT FISH SAUCE', '', '*L*', '20', 'CTNS', '66.00', 'per', 'CTNS', '0.000', '1320.00']
['', '', '', '500 ML X', '12 BOTTLE', '', '58.00', 'CTNS', '', '', '', '0.000', '1160.00']
['', '', '', '', '', '', '', '', '', '', '', '', '160.00', '12.1']
['190', 'PW115', '', 'VANILLA SUGAR', '', '', '2', 'CTNS', '31.00', 'per', 'CTNS', '0.000', '62.00']
['', '', '', '42 package X', '', '10 bag', '27.30', 'CTNS', '', '', '', '0.000', '54.60']
['', '', '', '', '', '', '', '', '', '', '', '', '7.40', '11.9']
['200', 'NO106', '', 'SAFOCO EGG MACARONI', '', '*L-SA', '10', 'CTNS', '27.00', 'per', 'CTNS', '0.000', '270.00']
['', '', '', '14 OZ X', '25 BAGS', '', '20.80', 'CTNS', '', '', '', '0.000', '208.00']
['', '', '', '', '', '', '', '', '', '', '', '', '62.00', '23.0']
['', '', '', '', '', '', '', '', '', '', '', '', '7.19', '28.8']
['300', 'DD147C', 'VT BOT BANH XEO/COCONUT', '', '', '', '1', 'CTNS', '25.00', 'per', 'CTNS', '0.000', '25.00']
['', '', '', '', '', '', '', '', '', '', '', '', '11.52', '32.0']
['280', 'RS105A', 'MY THO BANH HOI LA DUA', '', '', '', '1', 'CTNS', '36.00', 'per', 'CTNS', '0.000', '36.00']
['', '', '', '', '', '', '', '', '', '', '', '', '40.00', '12.5']
['260', 'NO230A', 'SY HOT CHICKEN RAMEN', '', '', '', '10', 'CTNS', '32.00', 'per', 'CTNS', '0.000', '320.00']
['', '', '', '', '', '', '', '', '', '', '', '', '3.25', '10.2']
['240', 'KS205', 'SK HOT NGO', '', 'whole', '', '1', 'CTNS', '32.00', 'per', 'CTNS', '0.000', '32.00']
['', '', '', '', '', '', '', '', '', '', '', '', '17.00', '20.0']
['220', 'NO106M', 'SAFOCO CAO CAP NUI', '', '', '*K*', '5', 'CTNS', '17.00', 'per CTNS', '', '0.000', '85.00']
['Invoice', '#:', '769344', 'Invoice date:', '09/25/18', 'Customer: K060', 'KIM NHUNG MARKETPLACE', 'Sales rep:', '17']
['250', 'NO230', 'SY', '2X-HOT CHICKEN STIRFRY', '', '', '10', 'CTNS', '32.00', 'per', 'CTNS', '0.000', '320.00']
['', '', '140 G X', '5 X', '8 BAGS', '', '28.00', 'CTNS', '', '', '', '0.000', '280.00']
['', '', '', '', '', '', '', '', '', '', '', '', '40.00', '12.5']
['260', 'NO230A', 'SY HOT CHICKEN RAMEN', '', '', '', '10', 'CTNS', '32.00', 'per', 'CTNS', '0.000', '320.00']
['', '', '14 G X', '5 X', '8 BAGS', 'BLACK', '28.00', 'CTNS', '', '', '', '0.000', '280.00']
['', '', '', '', '', '', '', '', '', '', '', '', '40.00', '12.5']
['270', 'PW621A', 'THUAN P SUONG SAO', '', '', '*BLACK*', '2', 'CTNS', '80.00', 'per', 'CTNS', '0.000', '160.00']
['', '', '50 G X', '', '100 BG GRASS JELLY', '', '58.50', 'CTNS', '', '', '', '0.000', '117.00']
['', '', '', '', '', '', '', '', '', '', '', '', '43.00', '26.9']
['280', 'RS105A', 'MY THO BANH HOI LA DUA', '', '', '', '1', 'CTNS', '36.00', 'per', 'CTNS', '0.000', '36.00']
['', '', '12 OZ X', '40 BAGS', '', '*VN*', '24.48', 'CTNS', '', '', '', '0.000', '24.48']
['', '', '', '', '', '', '', '', '', '', '', '', '11.52', '32.0']
['290', 'FR791', 'VEGE USA SLICE', '', '', '*M02K*', '1', 'CTNS', '46.00', 'per', 'CTNS', '0.000', '46.00']
['', '', '8 OZ X', '', '24 PK HEO CHAY KHO', '', '40.80', 'CTNS', '', '', '', '0.000', '40.80']
['', '', '', '', '', '', '', '', '', '', '', '', '5.20', '11.3']
['300', 'DD147C', 'VT BOT BANH XEO/COCONUT', '', '', '', '1', 'CTNS', '25.00', 'per', 'CTNS', '0.000', '25.00']
['', '', '14.1 OZ X', '', '30 BAG', '', '17.81', 'CTNS', '', '', '', '0.000', '17.81']
['', '', '', '', '', '', '', '', '', '', '', '', '7.19', '28.8']
['310', 'DD143', 'VT BOT GAO', '', '', '', '5', 'EACH', '17.00', 'per', 'CTNS', '0.000', '85.00']
['', '', '16 OZ X', '20', '', '', '11.26', 'EACH', '', '', '', '0.000', '56.30']
['', '', '', '', '', '', '', '', '', '', '', '', '28.70', '33.8']
['', '', '', '', '', '', '', '', '', '', '161.00', '33.5']
['410', 'BS240', 'LAL BBS TIP TIN', '*THAI*', '20', 'CTNS', '24.00', 'per', 'CTNS', '0.000', '480.00']
['', '', '', '', '', '', '', '', '', '', '', '', '11.90', '14.9']
['390', 'FD357', "YEO'S CHRYSANTHEMUM pbox", '', '', '', '10', 'CTNS', '8.00', 'per', 'CTNS', '0.000', '80.00']
['', '', '', '', '', '', '', '', '', '', '', '', '11.90', '14.9']
['370', 'FD352', "YEO'S WHITE GOURD DR pbox", '', '', '', '10', 'CTNS', '8.00', 'per', 'CTNS', '0.000', '80.00']
['', '', '', '', '', '', '', '', '', '', '', '', '71.52', '100.0']
['350', 'BS111B', 'LC WHITE ASPARAGUS SPEARS', '', '', '', '3', 'CTNS', '23.84', 'per', 'CTNS', '0.000', '71.52']
['', '', '', '', '', '', '', '', '', '', '', '', '48.48', '2.4']
['330', 'MD121', 'EAGLE OIL', '', '- GREEN', '*L*', '48', 'BOX', '41.42', 'per BOX', '', '0.000', '1988.16']
['Invoice', '#:', '769344', 'Invoice date:', '09/25/18', 'Customer: K060', 'KIM NHUNG MARKETPLACE', 'Sales rep:', '17']
['360', 'FD355', "YEO'S SOYBEAN DRINK v.n.", '', '', '', '6', 'CTNS', '10.45', 'per', 'CTNS', '0.000', '62.70']
['', '', '300ML/24 V.N STYLE', '', '', '*net*', '9.18', 'CTNS', '', '', '', '0.000', '55.08']
['', '', '', '', '', '', '', '', '', '', '', '', '7.62', '12.2']
['370', 'FD352', "YEO'S WHITE GOURD DR pbox", '', '', '', '10', 'CTNS', '8.00', 'per', 'CTNS', '0.000', '80.00']
['', '', '250 ML X', '24 BOX', '', '10+1', '6.81', 'CTNS', '', '', '', '0.000', '68.10']
['', '', '', '', '', '', '', '', '', '', '', '', '11.90', '14.9']
['380', 'FD352', "YEO'S WHITE GOURD DR pbox", '', '', '', '1', 'CTNS', '0.00', 'per', 'CTNS', '0.000', '0.00']
['', '', '250 ML X', '24 BOX', '', '10+1', '6.81', 'CTNS', '', '', '', '0.000', '6.81']
['', '', '', '', '', '', '', '', '', '', '', '', '6.81-', '0.0']
['390', 'FD357', "YEO'S CHRYSANTHEMUM pbox", '', '', '', '10', 'CTNS', '8.00', 'per', 'CTNS', '0.000', '80.00']
['', '', '250ML X', '', '24 PAPER BOX', '10+1', '6.81', 'CTNS', '', '', '', '0.000', '68.10']
['', '', '', '', '', '', '', '', '', '', '', '', '11.90', '14.9']
['400', 'FD357', "YEO'S CHRYSANTHEMUM pbox", '', '', '', '1', 'CTNS', '0.00', 'per', 'CTNS', '0.000', '0.00']
['', '', '250ML X', '', '24 PAPER BOX', '10+1', '6.81', 'CTNS', '', '', '', '0.000', '6.81']
['', '', '', '', '', '', '', '', '', '', '6.81-', '0.0']
['410', 'BS240', 'LAL BBS TIP TIN', '*THAI*', '20', 'CTNS', '24.00', 'per', 'CTNS', '0.000', '480.00']
['', '', '44 LBS/ TIN', '', '15.95', 'CTNS', '', '', '', '0.000', '319.00']
['', '', '', '', '', '', '', '', '', '', '161.00', '33.5']
['420', 'BS242', 'LAL BBS STRIP TIN', '', '40', 'CTNS', '24.00', 'per', 'CTNS', '0.000', '960.00']
['', '', '44 LBS/ TIN', '*THAILAND*', '14.25', 'CTNS', '', '', '', '0.000', '570.00']
['', '', '', '', '', '', '', '', '', '', '390.00', '40.6']
['', '', '', '', '', '', '', '', '', '', '', '', '0.32', '1.2']
['530', 'TO101', 'HOUSE MEDIUM FIRM (BLUE)', '', '', '', '2', 'CTNS', '13.00', 'per', 'CTNS', '0.000', '26.00']
['', '', '', '', '', '', '', '', '', '', '', '', '0.80', '1.2']
['510', 'TO102', 'HOUSE SOFT TOFU (GREEN)', '', '', '', '5', 'CTNS', '13.00', 'per', 'CTNS', '0.000', '65.00']
['', '', '', '', '', '', '', '', '', '', '', '', '16.00', '34.8']
['490', 'BS123', 'AROY-D BBS SLICE', '', '', '19oz', '2', 'CTNS', '23.00', 'per', 'CTNS', '0.000', '46.00']
['', '', '', '', '', '', '', '', '', '', '', '', '20.00-', '3.0-']
['470', 'COF102', 'TRUNG NGUYEN COFFEE culi', '', '', '', '10', 'CTNS', '66.00', 'per', 'CTNS', '0.000', '660.00']
['', '', '', '', '', '', '', '', '', '', '', '', '348.00', '14.5']
['450', 'COF109A', 'TRUNG NGUYEN COFFE', '', '', '*100ST', '60', 'CTNS', '40.00', 'per CTNS', '', '0.000', '2400.00']
['Invoice', '#:', '769344', 'Invoice date:', '09/25/18', 'Customer: K060', 'KIM NHUNG MARKETPLACE', 'Sales rep:', '17']
['', '', '', '', '', '', '', '', '', '', '', '', '20.00-', '3.0-']
['480', 'BS121', 'AROY-D BBS TIP (S)', '', '', '19oz', '3', 'CTNS', '25.00', 'per', 'CTNS', '0.000', '75.00']
['', '', '19OZ X', '24 CAN', '', '', '20.00', 'CTNS', '', '', '', '0.000', '60.00']
['', '', '', '', '', '', '', '', '', '', '', '', '15.00', '20.0']
['490', 'BS123', 'AROY-D BBS SLICE', '', '', '19oz', '2', 'CTNS', '23.00', 'per', 'CTNS', '0.000', '46.00']
['', '', '19 OZ X', '24 CAN', '', '', '15.00', 'CTNS', '', '', '', '0.000', '30.00']
['', '', '', '', '', '', '', '', '', '', '', '', '16.00', '34.8']
['500', 'BR125', 'QUOC VIET HU TIEU', '', '', '*S*', '6', 'CTNS', '96.00', 'per', 'CTNS', '0.000', '576.00']
['', '', '10 OZ X', '24 JARS', '', '#13', '91.80', 'CTNS', '', '', '', '0.000', '550.80']
['', '', '', '', '', '', '', '', '', '', '', '', '25.20', '4.4']
['510', 'TO102', 'HOUSE SOFT TOFU (GREEN)', '', '', '', '5', 'CTNS', '13.00', 'per', 'CTNS', '0.000', '65.00']
['', '', '19oz/12 TOFU', '', '', '', '12.84', 'CTNS', '', '', '', '0.000', '64.20']
['', '', '', '', '', '', '', '', '', '', '', '', '0.80', '1.2']
['520', 'TO103', 'HOUSE FIRM TOFU (RED)4pcs', '', '', '', '2', 'CTNS', '13.00', 'per', 'CTNS', '0.000', '26.00']
['', '', '19oz/12 TOFU', '', '', '', '12.96', 'CTNS', '', '', '', '0.000', '25.92']
['', '', '', '', '', '', '', '', '', '', '', '', '0.08', '0.3']
['530', 'TO101', 'HOUSE MEDIUM FIRM (BLUE)', '', '', '', '2', 'CTNS', '13.00', 'per', 'CTNS', '0.000', '26.00']
['', '', '19oz/12 TOFU', '', '', '', '12.84', 'CTNS', '', '', '', '0.000', '25.68']
['', '', '', '', '', '', '', '', '', '', '', '', '0.32', '1.2']
['Invoice', '#:', '769344', 'Invoice date:', '09/25/18', 'Customer: K060', 'KIM NHUNG MARKETPLACE', 'Sales rep:', '17']
['Seq# Item/Svc', '', '#', 'Description-1', '', 'Qty-shipped', 'Unit price', 'Lin-disc%', 'Ext-price']
['', '', '', 'Description-2', '', 'Unit cost', '', 'Ord-disc%', 'Ext-cost']
['', '', '', '', '', '', '', '', 'Gross-margin', 'Margin-%']
['', '', '', '', '', '', '', 'Invoice totals:', '31929.46']
['', '', '', '', '', '', '', '', '27179.93']
['', '', '', '', '', '', '', '', '4749.53', '14.9']
['', '', '', '', '', '', '', '', '', '', '', '', '3.15', '9.1']
['100', 'NO232A', 'RAMA PAD THAI NOODLE', '', '', '10LB', '1', 'CTNS', '34.65', 'per', 'CTNS', '0.000', '34.65']
['', '', '', '', '', '', '', '', '', '', '', '', '15.60', '9.2']
['80', 'NO234', 'RAMA RICE STICK', '', '', '16 OZ', '4', 'CTNS', '42.40', 'per', 'CTNS', '0.000', '169.60']
['', '', '', '', '', '', '', '', '', '', '', '', '4.50', '11.1']
['60', 'KT104', 'KIM THAP BANH TAM', '', '', '', '30', 'BAGS', '1.35', 'per', 'BAGS', '0.000', '40.50']
['', '', '', '', '', '', '', '', '', '', '', '', '39.20-', '0.0']
['40', 'WK103', 'WOO KEE BANH CANH DO', '', '', '', '40', 'BAGS', '0.00', 'per', 'BAGS', '0.000', '0.00']
['', '', '', '', '', '', '', '', '', '', '', '', '8.10', '10.7']
['20', 'WK105B', 'WOO KEE BANH PHO', '', '', '5 LBS', '18', 'BAGS', '4.20', 'per BAGS', '', '0.000', '75.60']
['Invoice', '#:', '769345', 'Invoice date:', '09/25/18', 'Customer: KIM', 'KIM NHUNG SUPERSTORE WEST', '', 'Sales rep:', '16']
['50', 'WK102', 'WOO KEE BANH CANH XANH', '', '', '', '40', 'BAGS', '0.00', 'per', 'BAGS', '0.000', '0.00']
['', '', 'BAGS', '', '', 'sincere', '0.98', 'BAGS', '', '', '', '0.000', '39.20']
['', '', '', '', '', '', '', '', '', '', '', '', '39.20-', '0.0']
['60', 'KT104', 'KIM THAP BANH TAM', '', '', '', '30', 'BAGS', '1.35', 'per', 'BAGS', '0.000', '40.50']
['', '', 'BAG', '', '', '', '1.20', 'BAGS', '', '', '', '0.000', '36.00']
['', '', '', '', '', '', '', '', '', '', '', '', '4.50', '11.1']
['70', 'WK104', 'WOO KEE BANH BOT LOC', '', '', '', '30', 'BAGS', '1.08', 'per', 'BAGS', '0.000', '32.40']
['', '', 'BAGS', '', '', 'sincere', '0.98', 'BAGS', '', '', '', '0.000', '29.40']
['', '', '', '', '', '', '', '', '', '', '', '', '3.00', '9.3']
['80', 'NO234', 'RAMA RICE STICK', '', '', '16 OZ', '4', 'CTNS', '42.40', 'per', 'CTNS', '0.000', '169.60']
['', '', '16 OZ X', '50 BAGS', '', '', '38.50', 'CTNS', '', '', '', '0.000', '154.00']
['', '', '', '', '', '', '', '', '', '', '', '', '15.60', '9.2']
['90', 'NO235', 'RAMA RICE STICK', '', '', '10 LBS/5B', '4', 'CTNS', '33.00', 'per', 'CTNS', '0.000', '132.00']
['', '', '10 LBS X', '', '5 BAGS', '', '30.00', 'CTNS', '', '', '', '0.000', '120.00']
['', '', '', '', '', '', '', '', '', '', '', '', '12.00', '9.1']
['100', 'NO232A', 'RAMA PAD THAI NOODLE', '', '', '10LB', '1', 'CTNS', '34.65', 'per', 'CTNS', '0.000', '34.65']
['', '', '10 LB X', '', '5 BAGS', '', '31.50', 'CTNS', '', '', '', '0.000', '31.50']
['', '', '', '', '', '', '', '', '', '', '', '', '3.15', '9.1']
['110', 'NO232', 'RAMA PAD THAI NOODLE', '', '', '1 LB', '3', 'CTNS', '25.75', 'per', 'CTNS', '0.000', '77.25']
['', '', '16 OZ X', '', '30 BAG', '', '23.40', 'CTNS', '', '', '', '0.000', '70.20']
['', '', '', '', '', '', '', '', '', '', '', '', '7.05', '9.1']
['', '', '', '', '', '', '', '', '', '', '', '4.75', '9.8']
['210', 'FR374B', 'FR. WONTON NOODLE', '', '*BOX* S', '1', 'CTNS', '48.50', 'per', 'CTNS', '0.000', '48.50']
['', '', '', '', '', '', '', '', '', '', '', '14.75-', '50.9-']
['190', 'FR373A', 'FR. PAN FRIED NOODLE', '', '*L*', '1', 'CTNS', '29.00', 'per', 'CTNS', '0.000', '29.00']
['', '', '', '', '', '', '', '', '', '', '', '9.00', '9.4']
['170', 'FR377A', 'SO.CAL. FRESH EGG NOODLE', '', '', '2', 'CTNS', '48.00', 'per', 'CTNS', '0.000', '96.00']
['', '', '', '', '', '', '', '', '', '', '', '4.25', '12.9']
['150', 'NO431', 'MAN FON STEAM NOODLE mi', '', '', '1', 'CTNS', '33.00', 'per', 'CTNS', '0.000', '33.00']
['', '', '', '', '', '', '', '', '', '', '', '18.80', '9.1']
['130', 'FR308', 'FRESH DONUT long (DAU CHA', '', '', '4', 'CTNS', '51.50', 'per CTNS', '', '0.000', '206.00']
['Invoice', '#:', '769345', 'Invoice date:', '09/25/18', 'Customer: KIM', 'KIM NHUNG SUPERSTORE WEST', '', 'Sales rep:', '16']
['160', 'FR377', 'SO.CAL. FRESH EGG NOODLE', '', '', '1', 'CTNS', '48.00', 'per', 'CTNS', '0.000', '48.00']
['', '', '15 OZ X', '30 BOX', '**SMALL**', '43.50', 'CTNS', '', '', '', '0.000', '43.50']
['', '', '', '', '', '', '', '', '', '', '', '4.50', '9.4']
['170', 'FR377A', 'SO.CAL. FRESH EGG NOODLE', '', '', '2', 'CTNS', '48.00', 'per', 'CTNS', '0.000', '96.00']
['', '', '15 OZ X', '30 BOX', '**LARGE**', '43.50', 'CTNS', '', '', '', '0.000', '87.00']
['', '', '', '', '', '', '', '', '', '', '', '9.00', '9.4']
['180', 'FR373', 'FR. PAN FRIED NOODLE', '', '*S*', '8', 'CTNS', '29.00', 'per', 'CTNS', '0.000', '232.00']
['', '', '12OZ X', '15 BAG', '#PN1090', '26.25', 'CTNS', '', '', '', '0.000', '210.00']
['', '', '', '', '', '', '', '', '', '', '', '22.00', '9.5']
['190', 'FR373A', 'FR. PAN FRIED NOODLE', '', '*L*', '1', 'CTNS', '29.00', 'per', 'CTNS', '0.000', '29.00']
['', '', '12 OZ. X', '15 BAG', '#PN1120', '43.75', 'CTNS', '', '', '', '0.000', '43.75']
['', '', '', '', '', '', '', '', '', '', '', '14.75-', '50.9-']
['200', 'FR375A', 'FR. HCL LO MEIN NOODLE', '', '', '1', 'CTNS', '29.00', 'per', 'CTNS', '0.000', '29.00']
['', '', '12 OZ X', '15 BAG', '#PN1130', '26.25', 'CTNS', '', '', '', '0.000', '26.25']
['', '', '', '', '', '', '', '', '', '', '', '2.75', '9.5']
['210', 'FR374B', 'FR. WONTON NOODLE', '', '*BOX* S', '1', 'CTNS', '48.50', 'per', 'CTNS', '0.000', '48.50']
['', '', '14 OZ X', '25 BOX', '#PN1010', '43.75', 'CTNS', '', '', '', '0.000', '43.75']
['', '', '', '', '', '', '', '', '', '', '', '4.75', '9.8']
['220', 'HM152', 'CALIFORNIA.PORK SAUSAGE', '', '', '2', 'CTNS', '132.00', 'per', 'CTNS', '0.000', '264.00']
['', '', '16 OZ X', '24 BAG', '', '120.00', 'CTNS', '', '', '', '0.000', '240.00']
['', '', '', '', '', '', '', '', '', '', '', '24.00', '9.1']
['', '', '', '', '', '', '', '', '', '', '', '', '5.80', '15.7']
['450', 'FR260', 'H.K. GYOZA DUMPLING', '', '', '', '1', 'CTNS', '37.00', 'per', 'CTNS', '0.000', '37.00']
['', '', '', '', '', '', '', '', '', '', '', '', '11.00', '26.8']
['430', 'FR340', 'TYJ PASTRY WRAPPER', '', '', '5"', '1', 'CTNS', '41.00', 'per', 'CTNS', '0.000', '41.00']
['', '', '', '', '', '', '', '', '', '', '', '', '22.00', '26.8']
['410', 'FR342', 'TYJ PASTRY WRAPPER', '', '', '8.5"', '2', 'CTNS', '41.00', 'per', 'CTNS', '0.000', '82.00']
['', '', '', '', '', '', '', '', '', '', '', '', '8.10', '19.3']
['280', 'EG100', 'LUCKY CROWN PRESERVE DUCK', '', '', '', '1', 'CTNS', '42.00', 'per', 'CTNS', '0.000', '42.00']
['', '', '', '', '', '', '', '', '', '', '', '', '13.00', '11.2']
['240', 'HM140', 'KYJ CHINESE SAUSAGE', '', '', '', '1', 'CTNS', '116.00', 'per CTNS', '', '0.000', '116.00']
['Invoice', '#:', '769345', 'Invoice date:', '09/25/18', 'Customer: KIM', 'KIM NHUNG SUPERSTORE WEST', '', 'Sales rep:', '16']
['310', 'FR349', 'COSMOS KIM CHEE', '', '', '*14 OZ*', '1', 'CTNS', '37.00', 'per', 'CTNS', '0.000', '37.00']
['', '', '14 OZ X', '12 JARS', '', '', '33.70', 'CTNS', '', '', '', '0.000', '33.70']
['', '', '', '', '', '', '', '', '', '', '', '', '3.30', '8.9']
['410', 'FR342', 'TYJ PASTRY WRAPPER', '', '', '8.5"', '2', 'CTNS', '41.00', 'per', 'CTNS', '0.000', '82.00']
['', '', '19 OZ X', '20', '(40 pc) green', '', '30.00', 'CTNS', '', '', '', '0.000', '60.00']
['', '', '', '', '', '', '', '', '', '', '', '', '22.00', '26.8']
['420', 'FR341', 'TYJ PASTRY WRAPPER', '', '', '8"', '2', 'CTNS', '41.00', 'per', 'CTNS', '0.000', '82.00']
['', '', '12 OZ X', '40', '(25 pc) brown', '', '30.00', 'CTNS', '', '', '', '0.000', '60.00']
['', '', '', '', '', '', '', '', '', '', '', '', '22.00', '26.8']
['430', 'FR340', 'TYJ PASTRY WRAPPER', '', '', '5"', '1', 'CTNS', '41.00', 'per', 'CTNS', '0.000', '41.00']
['', '', '8 OZ X', '40', '(50 pc) orange', '', '30.00', 'CTNS', '', '', '', '0.000', '30.00']
['', '', '', '', '', '', '', '', '', '', '', '', '11.00', '26.8']
['440', 'FR385', 'MENLO SPRING ROLL WRAPPER', '', '', '', '1', 'CTNS', '23.00', 'per', 'CTNS', '0.000', '23.00']
['', '', '16 OZ X', '20 BAGS', '', '', '19.65', 'CTNS', '', '', '', '0.000', '19.65']
['', '', '', '', '', '', '', '', '', '', '', '', '3.35', '14.6']
['450', 'FR260', 'H.K. GYOZA DUMPLING', '', '', '', '1', 'CTNS', '37.00', 'per', 'CTNS', '0.000', '37.00']
['', '', '12 OZ X', '30 BAGS', '', 'WRAPPER', '31.20', 'CTNS', '', '', '', '0.000', '31.20']
['', '', '', '', '', '', '', '', '', '', '', '', '5.80', '15.7']
['460', 'FR004', 'MEMORI PUFF PARATHA ORG.', '', '', '', '1', 'CTNS', '38.00', 'per', 'CTNS', '0.000', '38.00']
['', '', '16.9 OZ X', '', '24 BAG orignal', '', '34.00', 'CTNS', '', '', '', '0.000', '34.00']
['', '', '', '', '', '', '', '', '', '', '', '', '4.00', '10.5']
['', '', '', '', '', '', '', '', '', '', '', '6.00', '9.4']
['590', 'FR487', 'GP BEEF MEAT BALL', '', '*', '1', 'CTNS', '64.00', 'per', 'CTNS', '0.000', '64.00']
['', '', '', '', '', '', '', '', '', '', '', '8.80', '9.4']
['570', 'TH103', 'TAYHO BEEF MEAT BALLS', '', '', '1', 'CTNS', '94.00', 'per', 'CTNS', '0.000', '94.00']
['', '', '', '', '', '', '', '', '', '', '', '6.00', '9.8']
['550', 'GR301', 'GREAT WALL BEEF TENDON', '', '', '1', 'CTNS', '61.00', 'per', 'CTNS', '0.000', '61.00']
['', '', '', '', '', '', '', '', '', '', '', '36.00', '10.0']
['530', 'GR307B', 'Q-HUONG', '#1 BEEF MEATBALL', '', '6', 'CTNS', '60.00', 'per', 'CTNS', '0.000', '360.00']
['', '', '', '', '', '', '', '', '', '', '', '12.00', '16.0']
['490', 'GR502', 'MVN JUMBO PORK', '', '+ VEGE BUN', '3', 'CTNS', '25.00', 'per CTNS', '', '0.000', '75.00']
['Invoice', '#:', '769345', 'Invoice date:', '09/25/18', 'Customer: KIM', 'KIM NHUNG SUPERSTORE WEST', '', 'Sales rep:', '16']
['540', 'FR287AA', 'PHU H BEEF BALL W/TENDON', '', '', '2', 'CTNS', '85.50', 'per', 'CTNS', '0.000', '171.00']
['', '', '12 OZ X', '25 (BO VIEN GAN)', '', '77.50', 'CTNS', '', '', '', '0.000', '155.00']
['', '', '', '', '', '', '', '', '', '', '', '16.00', '9.4']
['550', 'GR301', 'GREAT WALL BEEF TENDON', '', '', '1', 'CTNS', '61.00', 'per', 'CTNS', '0.000', '61.00']
['', '', '11 OZ X', '20 (BO VIEN GAN)', '', '55.00', 'CTNS', '', '', '', '0.000', '55.00']
['', '', '', '', '', '', '', '', '', '', '', '6.00', '9.8']
['560', 'TH104', 'TAYHO BEEF TENDON BALLS', '', '', '1', 'CTNS', '94.00', 'per', 'CTNS', '0.000', '94.00']
['', '', '13 OZ X', '24', 'bo vien gan', '85.20', 'CTNS', '', '', '', '0.000', '85.20']
['', '', '', '', '', '', '', '', '', '', '', '8.80', '9.4']
['570', 'TH103', 'TAYHO BEEF MEAT BALLS', '', '', '1', 'CTNS', '94.00', 'per', 'CTNS', '0.000', '94.00']
['', '', '13 OZ X', '24 (bo vien)', '', '85.20', 'CTNS', '', '', '', '0.000', '85.20']
['', '', '', '', '', '', '', '', '', '', '', '8.80', '9.4']
['580', 'TH106', 'TAYHO PORK MEAT BALL', '', '', '1', 'CTNS', '80.00', 'per', 'CTNS', '0.000', '80.00']
['', '', '13 OZ X', '24 (heo vien)', '', '73.20', 'CTNS', '', '', '', '0.000', '73.20']
['', '', '', '', '', '', '', '', '', '', '', '6.80', '8.5']
['590', 'FR487', 'GP BEEF MEAT BALL', '', '*', '1', 'CTNS', '64.00', 'per', 'CTNS', '0.000', '64.00']
['', '', '11 OZ X', '20 BAG', '(BO VIEN)', '58.00', 'CTNS', '', '', '', '0.000', '58.00']
['', '', '', '', '', '', '', '', '', '', '', '6.00', '9.4']
['600', 'FR351', 'BMK MEAT BALL W/TENDON', '', '', '2', 'CTNS', '66.00', 'per', 'CTNS', '0.000', '132.00']
['', '', '10 OZ X', '20 BAGS', '', '60.00', 'CTNS', '', '', '', '0.000', '120.00']
['', '', '', '', '', '', '', '', '', '', '', '12.00', '9.1']
['', '', '', '', '', '', '', '', '', '', '', '', '20.80', '20.8']
['710', 'FR101A', 'OMASUM TRIPE (LA SACH)', '', '', '', '2', 'CTNS', '50.00', 'per', 'CTNS', '0.000', '100.00']
['', '', '', '', '', '', '', '', '', '', '', '', '193.95', '37.3']
['690', 'FR008', 'FR. STEWING CHICKEN', '', '', '', '15', 'LBS', '34.68', 'per', 'LBS', '0.000', '520.20']
['', '', '', '', '', '', '', '', '', '', '', '', '7.50', '12.5']
['660', 'FR143', 'PAMPANGA PORK HAMONADO', '', '', '', '1', 'CTNS', '60.00', 'per', 'CTNS', '0.000', '60.00']
['', '', '', '', '', '', '', '', '', '', '', '107.50', '17.2']
['640', 'FR443', 'LONG PHUNG CHA CHIEN', '', '', '5', 'CTNS', '125.00', 'per', 'CTNS', '0.000', '625.00']
['', '', '', '', '', '', '', '', '', '', '', '9.25', '9.4']
['620', 'TH104A', 'TAYHO BO VIEN GAN', '', '5 LBS', '1', 'CTN', '98.00', 'per CTN', '', '0.000', '98.00']
['Invoice', '#:', '769345', 'Invoice date:', '09/25/18', 'Customer: KIM', 'KIM NHUNG SUPERSTORE WEST', '', 'Sales rep:', '16']
['650', 'FR144', 'PAMPANGA SWEET SAUSAGE', '', '', '1', 'CTNS', '67.00', 'per', 'CTNS', '0.000', '67.00']
['', '', '12 OZ', 'X', '24', '5111', '60.00', 'CTNS', '', '', '', '0.000', '60.00']
['', '', '', '', '', '', '', '', '', '', '', '', '7.00', '10.4']
['660', 'FR143', 'PAMPANGA PORK HAMONADO', '', '', '', '1', 'CTNS', '60.00', 'per', 'CTNS', '0.000', '60.00']
['', '', '24/12 OZ', '', '', '#7004', '52.50', 'CTNS', '', '', '', '0.000', '52.50']
['', '', '', '', '', '', '', '', '', '', '', '', '7.50', '12.5']
['670', 'FR146', 'PAMPANGA PORK TOCINO', '', '', '', '1', 'CTNS', '73.00', 'per', 'CTNS', '0.000', '73.00']
['', '', '12 OZ X', '', '24', '5002', '65.75', 'CTNS', '', '', '', '0.000', '65.75']
['', '', '', '', '', '', '', '', '', '', '', '', '7.25', '9.9']
['690', 'FR008', 'FR. STEWING CHICKEN', '', '', '', '15', 'LBS', '34.68', 'per', 'LBS', '0.000', '520.20']
['', '', '$1.15 X', '', '31 LBS', '', '21.75', 'LBS', '', '', '', '0.000', '326.25']
['', '', '', '', '', '', '', '', '', '', '', '', '193.95', '37.3']
['700', 'FR1000', 'FR. SILKY CHICKEN', '', '', '', '1', 'CTNS', '113.00', 'per', 'CTNS', '0.000', '113.00']
['', '', '15 PCS', '', 'ga ac', '', '99.00', 'CTNS', '', '', '', '0.000', '99.00']
['', '', '', '', '', '', '', '', '', '', '', '', '14.00', '12.4']
['710', 'FR101A', 'OMASUM TRIPE (LA SACH)', '', '', '', '2', 'CTNS', '50.00', 'per', 'CTNS', '0.000', '100.00']
['', '', '22 lbs', '', '*GP*', '', '39.60', 'CTNS', '', '', '', '0.000', '79.20']
['', '', '', '', '', '', '', '', '', '', '', '', '20.80', '20.8']
['720', 'FR127A', 'FR. FROG LEGS', '', '2/4', '(5LB)', '1', 'CTNS', '150.00', 'per', 'CTNS', '0.000', '150.00']
['', '', '5 LBS X', '', '6 BAGS (DUI ECH)', '', '121.50', 'CTNS', '', '', '', '0.000', '121.50']
['', '', '', '', '', '', '', '', '', '', '', '', '28.50', '19.0']
['', '', '', '', '', '', '', '', '', '', '', '9.50', '9.7']
['860', 'FR201', 'SUN SQUID TENTACLE-loligo', '', '', '1', 'CTNS', '98.00', 'per', 'CTNS', '0.000', '98.00']
['', '', '', '', '', '', '', '', '', '', '', '7.00', '15.2']
['840', 'FR363', 'FR. PERIWINKLE', '', '*THIT OC', '1', 'CTNS', '46.00', 'per', 'CTNS', '0.000', '46.00']
['', '', '', '', '', '', '', '', '', '', '', '7.50', '21.7']
['820', 'FR161A', 'FR. IMITATION CRAB STICK', '', '', '1', 'CTNS', '34.50', 'per', 'CTNS', '0.000', '34.50']
['', '', '', '', '', '', '', '', '', '', '', '23.32', '12.5']
['790', 'COF112A', "FR. LEE'S COFFEE", '', '*TRIPLE*', '2', 'CTNS', '93.00', 'per', 'CTNS', '0.000', '186.00']
['', '', '', '', '', '', '', '', '', '', '', '56.60', '30.6']
['770', 'FR710B', 'FR. COOK UNPEEL CORN', '', '3 PC', '5', 'CTNS', '37.00', 'per CTNS', '', '0.000', '185.00']
['Invoice', '#:', '769345', 'Invoice date:', '09/25/18', 'Customer: KIM', 'KIM NHUNG SUPERSTORE WEST', '', 'Sales rep:', '16']
['800', 'FR100A', 'LAF CRAB MIX cua dong xay', '', '', '1', 'CTNS', '48.00', 'per', 'CTNS', '0.000', '48.00']
['', '', '12 OZ X', '20 BOX LA FARM', '', '32.25', 'CTNS', '', '', '', '0.000', '32.25']
['', '', '', '', '', '', '', '', '', '', '', '15.75', '32.8']
['820', 'FR161A', 'FR. IMITATION CRAB STICK', '', '', '1', 'CTNS', '34.50', 'per', 'CTNS', '0.000', '34.50']
['', '', '16 OZ X', '30 filament', '', '27.00', 'CTNS', '', '', '', '0.000', '27.00']
['', '', '', '', '', '', '', '', '', '', '', '7.50', '21.7']
['830', 'FR241A', 'FR. WHT CLAM MEAT', '', '#A0014N', '1', 'CTNS', '85.00', 'per', 'CTNS', '0.000', '85.00']
['', '', '14OZ/30 BAG (THIT NGHIEU)', '', '', '78.00', 'CTNS', '', '', '', '0.000', '78.00']
['', '', '', '', '', '', '', '', '', '', '', '7.00', '8.2']
['840', 'FR363', 'FR. PERIWINKLE', '', '*THIT OC', '1', 'CTNS', '46.00', 'per', 'CTNS', '0.000', '46.00']
['', '', '14z/30 A0031', '', '60/80 HUONG*', '39.00', 'CTNS', '', '', '', '0.000', '39.00']
['', '', '', '', '', '', '', '', '', '', '', '7.00', '15.2']
['850', 'FR103', 'FR. SEAFOOD MIX', '', '', '2', 'CTNS', '17.00', 'per', 'CTNS', '0.000', '34.00']
['', '', '14 OZ X', '10 BG', '*SEA APPLE*', '14.00', 'CTNS', '', '', '', '0.000', '28.00']
['', '', '', '', '', '', '', '', '', '', '', '6.00', '17.6']
['860', 'FR201', 'SUN SQUID TENTACLE-loligo', '', '', '1', 'CTNS', '98.00', 'per', 'CTNS', '0.000', '98.00']
['', '', '14z/30 rau muc F0415', '', '', '88.50', 'CTNS', '', '', '', '0.000', '88.50']
['', '', '', '', '', '', '', '', '', '', '', '9.50', '9.7']
['880', 'FR821', 'FR. SQUID', '3 LB g.pacific', '', '1', 'CTNS', '82.80', 'per', 'CTNS', '0.000', '82.80']
['', '', '3 LBS X', '12 BOX', '$2.30/LB.', '66.60', 'CTNS', '', '', '', '0.000', '66.60']
['', '', '', '', '', '', '', '', '', '', '', '16.20', '19.6']
['', '', '', '', '', '', '', '', '', '', '', '', '', '', '5.00', '15.2']
['10', 'FR491', '', 'FR. TROPIC HORSERADISH', '', '', '', '1', 'CTNS', '', '33.00', 'per', 'CTNS', '0.000', '33.00']
['', '', '', '', '', '', '', '', '', '', '', '', '', '', '10.00', '17.2']
['990', 'FR497', '', 'FR. TROPIC SHRED COCON', '', '', '', '1', 'CTNS', '', '58.00', 'per', 'CTNS', '0.000', '58.00']
['', '', '', '', '', '', '', '', '', '', '', '', '', '', '9.00', '30.0']
['970', 'FR706A', '', 'FR. CASSAVA WHOLE', '', '', '*VN*', '1', 'CTNS', '', '30.00', 'per', 'CTNS', '0.000', '30.00']
['', '', '', '', '', '', '', '', '', '', '', '', '', '', '56.00', '43.8']
['950', 'FR835', '', 'FR. BANH CANH', '', '', '*LAL FARM*', '4', 'CTNS', '', '32.00', 'per', 'CTNS', '0.000', '128.00']
['', '', '', '', '', '', '', '', '', '', '', '', '', '', '28.00', '14.0']
['900', 'FR114A', '', 'FR. SQUID TUBE U/5', '', '', '*CH*', '10', 'CTNS', '', '20.00', 'per CTNS', '', '0.000', '200.00']
['Invoice', '#:', '769345', 'Invoice date:', '', '09/25/18', '', 'Customer: KIM', '', 'KIM NHUNG SUPERSTORE WEST', '', '', '', 'Sales rep:', '16']
['960', 'FR311B', '', 'FR. BANANA LEAVES', '', '', '*THAI*', '5', 'CTNS', '', '21.00', 'per', 'CTNS', '0.000', '105.00']
['', '', '', '16oz/30', '', '*L Elephant*', '15+2', '13.41', 'CTNS', '', '', '', '', '0.000', '67.05']
['', '', '', '', '', '', '', '', '', '', '', '', '', '', '37.95', '36.1']
['970', 'FR706A', '', 'FR. CASSAVA WHOLE', '', '', '*VN*', '1', 'CTNS', '', '30.00', 'per', 'CTNS', '0.000', '30.00']
['', '', '', '16 OZ X', '30 BAG', '', '*LAL FARM*', '21.00', 'CTNS', '', '', '', '', '0.000', '21.00']
['', '', '', '', '', '', '', '', '', '', '', '', '', '', '9.00', '30.0']
['980', 'FR706', '', 'FR. GRATED CASSAVA', '', '', '*VN*', '3', 'CTNS', '', '23.00', 'per', 'CTNS', '0.000', '69.00']
['', '', '', '16 OZ X', '24 BAG', '', '*LAL FARM*', '14.40', 'CTNS', '', '', '', '', '0.000', '43.20']
['', '', '', '', '', '', '', '', '', '', '', '', '', '', '25.80', '37.4']
['990', 'FR497', '', 'FR. TROPIC SHRED COCON', '', '', '', '1', 'CTNS', '', '58.00', 'per', 'CTNS', '0.000', '58.00']
['', '', '', '16 OZ X', '40 BAG', '', 'YOUNG', '48.00', 'CTNS', '', '', '', '', '0.000', '48.00']
['', '', '', '', '', '', '', '', '', '', '', '', '', '', '10.00', '17.2']
['0', 'DV227', '', 'AFC FRESH FU PUI', '', '', '*S*', '1', 'CTNS', '', '123.00', 'per', 'CTNS', '0.000', '123.00']
['', '', '', '8 OZ X', '40 BAGS', '', '', '110.00', 'CTNS', '', '', '', '', '0.000', '110.00']
['', '', '', '', '', '', '', '', '', '', '', '', '', '', '13.00', '10.6']
['10', 'FR491', '', 'FR. TROPIC HORSERADISH', '', '', '', '1', 'CTNS', '', '33.00', 'per', 'CTNS', '0.000', '33.00']
['', '', '', '8 OZ X', '40 BAG', '', 'LEAVES', '28.00', 'CTNS', '', '', '', '', '0.000', '28.00']
['', '', '', '', '', '', '', '', '', '', '', '', '', '', '5.00', '15.2']
['20', 'GR400A', '', 'Q-HUONG PORK BALL BBQ', '', '', '2LB', '4', 'CTNS', '', '62.00', 'per', 'CTNS', '0.000', '248.00']
['', '', '', '2 LBS/', '10', 'nem nuong', '', '56.00', 'CTNS', '', '', '', '', '0.000', '224.00']
['', '', '', '', '', '', '', '', '', '', '', '', '', '', '24.00', '9.7']
['', '', '', '', '', '', '', '', '', '', '', '', '', '', '24.00', '16.0']
['130', 'COF112', '', "FR. LEE'S COFFEE ORIGINAL", '', '', '', '2', 'CTNS', '', '75.00', 'per', 'CTNS', '0.000', '150.00']
['', '', '', '', '', '', '', '', '', '', '', '', '', '', '14.20', '9.4']
['100', 'TH111', '', 'TAYHO FRIED PORK SAUSAGE', '', '', '', '2', 'CTNS', '', '75.50', 'per', 'CTNS', '0.000', '151.00']
['', '', '', '', '', '', '', '', '', '', '', '', '', '', '14.40', '34.3']
['80', 'FR279', '', 'FR. BANH LA DUA CHUOI DAU', '', '', '', '1', 'CTNS', '', '42.00', 'per', 'CTNS', '0.000', '42.00']
['', '', '', '', '', '', '', '', '', '', '', '', '', '', '3.00', '9.1']
['60', 'GR306', '', 'Q-HUONG PORK SKIN', '', '', '*7OZ*', '1', 'CTNS', '', '33.00', 'per', 'CTNS', '0.000', '33.00']
['', '', '', '', '', '', '', '', '', '', '', '', '', '', '36.80', '28.8']
['40', 'FR710A', '', 'FR. COOK UNPEEL CORN', '', '', '2 PC', '4', 'CTNS', '', '32.00', 'per CTNS', '', '0.000', '128.00']
['Invoice', '#:', '769345', 'Invoice date:', '', '09/25/18', '', 'Customer: KIM', '', 'KIM NHUNG SUPERSTORE WEST', '', '', '', 'Sales rep:', '16']
['70', 'FR102', '', 'GREENSHELL MUSSELS N.Z.', '', '', '', '3', 'CTNS', '', '111.60', 'per', 'CTNS', '0.000', '334.80']
['', '', '', '2 LBS X', '12 BOX', '', '$4.65/LBS', '99.60', 'CTNS', '', '', '', '', '0.000', '298.80']
['', '', '', '', '', '', '', '', '', '', '', '', '', '', '36.00', '10.8']
['80', 'FR279', '', 'FR. BANH LA DUA CHUOI DAU', '', '', '', '1', 'CTNS', '', '42.00', 'per', 'CTNS', '0.000', '42.00']
['', '', '', '6 PC X', '24 BAG', '', '*LAL FARM', '27.60', 'CTNS', '', '', '', '', '0.000', '27.60']
['', '', '', '', '', '', '', '', '', '', '', '', '', '', '14.40', '34.3']
['90', 'FR196', '', 'FR. WATER MIMOSA rau nhut', '', '', '', '1', 'CTNS', '', '32.00', 'per', 'CTNS', '0.000', '32.00']
['', '', '', '9 OZ X', '24 BG', 'VN', '*LAL*', '21.00', 'CTNS', '', '', '', '', '0.000', '21.00']
['', '', '', '', '', '', '', '', '', '', '', '', '', '', '11.00', '34.4']
['100', 'TH111', '', 'TAYHO FRIED PORK SAUSAGE', '', '', '', '2', 'CTNS', '', '75.50', 'per', 'CTNS', '0.000', '151.00']
['', '', '', '10 OZ X', '', '24 (doi xa chien)', '', '68.40', 'CTNS', '', '', '', '', '0.000', '136.80']
['', '', '', '', '', '', '', '', '', '', '', '', '', '', '14.20', '9.4']
['120', 'FR110C', '', 'FR. CHILI OT TUOI X-SPICY', '', '', '', '1', 'CTNS', '', '39.00', 'per', 'CTNS', '0.000', '39.00']
['', '', '', '8 OZ X', '40', '*VN*', '*LAL FARM*', '29.20', 'CTNS', '', '', '', '', '0.000', '29.20']
['', '', '', '', '', '', '', '', '', '', '', '', '', '', '9.80', '25.1']
['130', 'COF112', '', "FR. LEE'S COFFEE ORIGINAL", '', '', '', '2', 'CTNS', '', '75.00', 'per', 'CTNS', '0.000', '150.00']
['', '', '', '16 OZ X', '24 BTL', '', '', '63.00', 'CTNS', '', '', '', '', '0.000', '126.00']
['', '', '', '', '', '', '', '', '', '', '', '', '', '', '24.00', '16.0']
['140', 'FR277A', '', 'FR. CHUOI XIEM TRAI', '', '', '2.2LB', '1', 'CTNS', '', '48.00', 'per', 'CTNS', '0.000', '48.00']
['', '', '', '20 BAGS', '', '*LAL FARMS*', '', '35.07', 'CTNS', '', '', '', '', '0.000', '35.07']
['', '', '', '', '', '', '', '', '', '', '', '', '', '', '12.93', '26.9']
['', '', '', '', '', '', '', '', '', '', '', '', '101.55', '26.0']
['300', 'FR160', 'OF CA KEO', '', 'GOBY FISH', '', '5', 'CTNS', '78.00', 'per', 'CTNS', '0.000', '390.00']
['', '', '', '', '', '', '', '', '', '', '', '', '77.00', '31.1']
['250', 'FR174B', 'OF YELLOW ST TREVALLY IQF', '', '', '', '5', 'CTNS', '49.50', 'per', 'CTNS', '0.000', '247.50']
['', '', '', '', '', '', '', '', '', '', '', '', '14.00', '9.1']
['220', 'FR015', 'BEST.FISH TOFU IQF', '', '', '- F/MA', '1', 'CTNS', '154.00', 'per', 'CTNS', '0.000', '154.00']
['', '', '', '', '', '', '', '', '', '', '', '', '16.32', '38.9']
['200', 'FR310B', 'FR. LEMON GRASS', '', '', '*16 OZ*', '1', 'CTNS', '42.00', 'per', 'CTNS', '0.000', '42.00']
['', '', '', '', '', '', '', '', '', '', '', '', '33.60', '36.5']
['170', 'FR712', 'FR. YOUNG SHRED COCONUT', '', '', '', '2', 'CTNS', '46.00', 'per CTNS', '', '0.000', '92.00']
['Invoice', '#:', '769345', 'Invoice date:', '09/25/18', 'Customer: KIM', 'KIM NHUNG SUPERSTORE WEST', '', 'Sales rep:', '16']
['210', 'FR016A', 'BEST.FRIED FISH BALL', '', '', '', '1', 'CTNS', '141.00', 'per', 'CTNS', '0.000', '141.00']
['', '', '1 LB X', '40 IQF/F-MAL', '', '', '128.00', 'CTNS', '', '', '', '0.000', '128.00']
['', '', '', '', '', '', '', '', '', '', '', '', '13.00', '9.2']
['220', 'FR015', 'BEST.FISH TOFU IQF', '', '', '- F/MA', '1', 'CTNS', '154.00', 'per', 'CTNS', '0.000', '154.00']
['', '', '1 LB X', '40', '', '', '140.00', 'CTNS', '', '', '', '0.000', '140.00']
['', '', '', '', '', '', '', '', '', '', '', '', '14.00', '9.1']
['230', 'FR016', 'BEST.WHITE FISH BALL', '', '', '', '2', 'CTNS', '138.00', 'per', 'CTNS', '0.000', '276.00']
['', '', '1 LB X', '40', '', 'IQF-W/MA', '126.00', 'CTNS', '', '', '', '0.000', '252.00']
['', '', '', '', '', '', '', '', '', '', '', '', '24.00', '8.7']
['250', 'FR174B', 'OF YELLOW ST TREVALLY IQF', '', '', '', '5', 'CTNS', '49.50', 'per', 'CTNS', '0.000', '247.50']
['', '', '30 LBS', '*VN* ca chi vang', '', '', '34.10', 'CTNS', '', '', '', '0.000', '170.50']
['', '', '', '', '', '', '', '', '', '', '', '', '77.00', '31.1']
['260', 'FR184A', 'OF GOLDEN POMPANO', '', '', '*L*', '25', 'CTNS', '80.00', 'per', 'CTNS', '0.000', '2000.00']
['', '', '40LB', '(90%N/W)700/900', '', '*NET', '63.66', 'CTNS', '', '', '', '0.000', '1591.50']
['', '', '', '', '', '', '', '', '', '', '', '', '408.50', '20.4']
['300', 'FR160', 'OF CA KEO', '', 'GOBY FISH', '', '5', 'CTNS', '78.00', 'per', 'CTNS', '0.000', '390.00']
['', '', '14 OZ X', '30 BAGS', '', '', '57.69', 'CTNS', '', '', '', '0.000', '288.45']
['', '', '', '', '', '', '', '', '', '', '', '', '101.55', '26.0']
['310', 'FR184B', 'OF GOLDEN POMPANO', '', '', '*XL*', '15', 'CTNS', '85.00', 'per', 'CTNS', '0.000', '1275.00']
['', '', '40LB (90%N.W)', '', '900/UP', '*NET', '64.40', 'CTNS', '', '', '', '0.000', '966.00']
['', '', '', '', '', '', '', '', '', '', '', '', '309.00', '24.2']
['', '', '', '', '', '', '', '', '', '', '', '', '33.02', '30.0']
['530', 'FR111', 'FR. BELTFISH WR', '', '1500/2000', '', '2', 'CTNS', '55.10', 'per', 'CTNS', '0.000', '110.20']
['', '', '', '', '', '', '', '', '', '', '', '', '36.96', '33.9']
['440', 'FR123', 'OF BONITA', '*CA NGU*', '', '', '2', 'EACH', '54.45', 'per', 'CTNS', '0.000', '108.90']
['', '', '', '', '', '', '', '', '', '', '', '', '42.00', '15.6']
['410', 'FR824A', 'FR. BARRAMUNDI', '', '1000up', '', '3', 'CTNS', '90.00', 'per', 'CTNS', '0.000', '270.00']
['', '', '', '', '', '', '', '', '', '', '', '', '16.38', '22.8']
['380', 'FR186', 'OF CA NGAN W/R', '', '2/4', '', '1', 'CTNS', '72.00', 'per', 'CTNS', '0.000', '72.00']
['', '', '', '', '', '', '', '', '', '', '', '', '25.08', '31.0']
['340', 'FR178', 'OF CA HE', '250/300g', '', '', '1', 'CTNS', '80.85', 'per CTNS', '', '0.000', '80.85']
['Invoice', '#:', '769345', 'Invoice date:', '09/25/18', 'Customer: KIM', 'KIM NHUNG SUPERSTORE WEST', '', 'Sales rep:', '16']
['400', 'FR130B', 'FR. TILAPIA CLEANED', '', '750UP', '', '10', 'CTNS', '56.00', 'per', 'CTNS', '0.000', '560.00']
['', '', '40 LBS', '*TW*', '$1.40/LB', '', '50.00', 'CTNS', '', '', '', '0.000', '500.00']
['', '', '', '', '', '', '', '', '', '', '', '', '60.00', '10.7']
['410', 'FR824A', 'FR. BARRAMUNDI', '', '1000up', '', '3', 'CTNS', '90.00', 'per', 'CTNS', '0.000', '270.00']
['', '', '40 LBS', '*TW*', '$2.25/LB', 'W/R', '76.00', 'CTNS', '', '', '', '0.000', '228.00']
['', '', '', '', '', '', '', '', '', '', '', '', '42.00', '15.6']
['420', 'FR204', 'FR. MILKFISH W/R', '', '800up', '', '2', 'CTNS', '64.00', 'per', 'CTNS', '0.000', '128.00']
['', '', '40LBS TAIWAN', '', '$1.60/lb', '', '56.00', 'CTNS', '', '', '', '0.000', '112.00']
['', '', '', '', '', '', '', '', '', '', '', '', '16.00', '12.5']
['440', 'FR123', 'OF BONITA', '*CA NGU*', '', '', '2', 'EACH', '54.45', 'per', 'CTNS', '0.000', '108.90']
['', '', '33 LBS VN', '2/4lb', '$1.65/lb', '', '35.97', 'EACH', '', '', '', '0.000', '71.94']
['', '', '', '', '', '', '', '', '', '', '', '', '36.96', '33.9']
['450', 'FR240A', 'OF COOKED WHOLE CLAM', '', '', '', '4', 'CTNS', '34.00', 'per', 'CTNS', '0.000', '136.00']
['', '', '10/2LBS NGIEU CO VO*2lbs*', '', '', '', '21.80', 'CTNS', '', '', '', '0.000', '87.20']
['', '', '', '', '', '', '', '', '', '', '', '', '48.80', '35.9']
['530', 'FR111', 'FR. BELTFISH WR', '', '1500/2000', '', '2', 'CTNS', '55.10', 'per', 'CTNS', '0.000', '110.20']
['', '', '22.04 LB', '*CA HO*', '', '$2.50/lb', '38.59', 'CTNS', '', '', '', '0.000', '77.18']
['', '', '', '', '', '', '', '', '', '', '', '', '33.02', '30.0']
['540', 'FR199B', 'FR. OCTOPUS BALL', '', '', '2/4 IQF', '1', 'CTNS', '81.00', 'per', 'CTNS', '0.000', '81.00']
['', '', '30LBS PHIL', '', '$2.70/LB', '', '66.00', 'CTNS', '', '', '', '0.000', '66.00']
['', '', '', '', '', '', '', '', '', '', '', '', '15.00', '18.5']
['', '', '', '', '', '', '', '', '', '', '', '127.00', '52.9']
['660', 'CI220', 'CHIN SU CHILI SAUCE', '', '10+1', '10', 'CTNS', '24.00', 'per', 'CTNS', '0.000', '240.00']
['', '', '', '', '', '', '', '', '', '', '', '57.60', '13.5']
['640', 'FR827K', 'SHRIMP H/O', '', '20/30', '2', 'CTNS', '214.00', 'per', 'CTNS', '0.000', '428.00']
['', '', '', '', '', '', '', '', '', '', '', '60.00', '18.9']
['620', 'FR827U', 'SHRIMP H/L S/O.110/130', '', '', '3', 'CTNS', '106.00', 'per', 'CTNS', '0.000', '318.00']
['', '', '', '', '', '', '', '', '', '', '', '44.00', '13.3']
['590', 'FR827F', 'SHRIMP H/L EZ-P', '', '31/40 IQF', '4', 'CTNS', '83.00', 'per', 'CTNS', '0.000', '332.00']
['', '', '', '', '', '', '', '', '', '', '', '48.00', '17.4']
['570', 'FR827P', 'SHRIMP H/L S/O', '', '71/90', '2', 'CTNS', '138.00', 'per CTNS', '', '0.000', '276.00']
['Invoice', '#:', '769345', 'Invoice date:', '09/25/18', 'Customer: KIM', 'KIM NHUNG SUPERSTORE WEST', '', 'Sales rep:', '16']
['610', 'FR826A', 'FRESH WATER SHRIMP', '', '2-4', '1', 'CTNS', '149.00', 'per', 'CTNS', '0.000', '149.00']
['', '', '2lbs/10 tom cang', '', '$7.45/lb', '127.00', 'CTNS', '', '', '', '0.000', '127.00']
['', '', '', '', '', '', '', '', '', '', '', '22.00', '14.8']
['620', 'FR827U', 'SHRIMP H/L S/O.110/130', '', '', '3', 'CTNS', '106.00', 'per', 'CTNS', '0.000', '318.00']
['', '', '10/4lb ECUADOR', '', '$2.65/lb', '86.00', 'CTNS', '', '', '', '0.000', '258.00']
['', '', '', '', '', '', '', '', '', '', '', '60.00', '18.9']
['630', 'FR827DD', 'SHRIMP HLSO', '', '31/35', '5', 'CTNS', '102.00', 'per', 'CTNS', '0.000', '510.00']
['', '', '6/4lb ecuador', '', '$4.25/lb', '78.00', 'CTNS', '', '', '', '0.000', '390.00']
['', '', '', '', '', '', '', '', '', '', '', '120.00', '23.5']
['640', 'FR827K', 'SHRIMP H/O', '', '20/30', '2', 'CTNS', '214.00', 'per', 'CTNS', '0.000', '428.00']
['', '', '10/4lb ecuador', '', '$5.35/lb.', '185.20', 'CTNS', '', '', '', '0.000', '370.40']
['', '', '', '', '', '', '', '', '', '', '', '57.60', '13.5']
['650', 'CO358', 'LOTTE CHOCO PIE L', '', '(12 PC)', '10', 'CTNS', '13.50', 'per', 'CTNS', '0.000', '135.00']
['', '', '28 GM X', '12 PCS X', '8 BOX', '12.00', 'CTNS', '', '', '', '0.000', '120.00']
['', '', '', '', '', '', '', '', '', '', '', '15.00', '11.1']
['660', 'CI220', 'CHIN SU CHILI SAUCE', '', '10+1', '10', 'CTNS', '24.00', 'per', 'CTNS', '0.000', '240.00']
['', '', '250G X', '24', '*TUONG OT*', '11.30', 'CTNS', '', '', '', '0.000', '113.00']
['', '', '', '', '', '', '', '', '', '', '', '127.00', '52.9']
['670', 'CI220', 'CHIN SU CHILI SAUCE', '', '10+1', '1', 'CTNS', '0.00', 'per', 'CTNS', '0.000', '0.00']
['', '', '250G X', '24', '*TUONG OT*', '11.30', 'CTNS', '', '', '', '0.000', '11.30']
['', '', '', '', '', '', '', '', '', '', '', '11.30-', '0.0']
['', '', '', '', '', '', '', '', '', '', '', '', '90.00', '32.1']
['820', 'COF180', 'CAFE PHO', '3IN1 (BAG)', '30TB', '', '2', 'CTNS', '140.00', 'per', 'CTNS', '0.000', '280.00']
['', '', '', '', '', '', '', '', '', '', '', '', '48.00', '10.3']
['800', 'BR115', 'NEW CHOICE CHICKEN BROTH', '', '', '', '80', 'CTNS', '5.80', 'per', 'CTNS', '0.000', '464.00']
['', '', '', '', '', '', '', '', '', '', '', '', '6.00', '9.7']
['760', 'FL140', 'COCK TAPIOCA STARCH', '', '', '', '2', 'CTNS', '31.00', 'per', 'CTNS', '0.000', '62.00']
['', '', '', '', '', '', '', '', '', '', '', '', '50.00', '10.9']
['730', 'FS240', 'MEGACHEF PRE FISH SAUCE', '', '', '', '20', 'CTNS', '23.00', 'per', 'CTNS', '0.000', '460.00']
['', '', '', '', '', '', '', '', '', '', '', '', '300.30', '27.8']
['690', 'RS104', 'MY THO BUN TUOI DAC BIET', '', '', '', '30', 'CTNS', '36.00', 'per CTNS', '', '0.000', '1080.00']
['Invoice', '#:', '769345', 'Invoice date:', '09/25/18', 'Customer: KIM', 'KIM NHUNG SUPERSTORE WEST', '', 'Sales rep:', '16']
['740', 'RI211C', '3 LADY SWEET RICE', '', '5 LBS', '', '3', 'CNTS', '42.00', 'per', 'CNTS', '0.000', '126.00']
['', '', '5 LBS X', '10 BAGS', '', '', '37.00', 'CNTS', '', '', '', '0.000', '111.00']
['', '', '', '', '', '', '', '', '', '', '', '', '15.00', '11.9']
['760', 'FL140', 'COCK TAPIOCA STARCH', '', '', '', '2', 'CTNS', '31.00', 'per', 'CTNS', '0.000', '62.00']
['', '', '14 OZ X', '60 BAG', '*bot nang*', '', '28.00', 'CTNS', '', '', '', '0.000', '56.00']
['', '', '', '', '', '', '', '', '', '', '', '', '6.00', '9.7']
['790', 'BR103', 'LAL VEGETABLE BROTH', '', '', '', '2', 'CTNS', '24.00', 'per', 'CTNS', '0.000', '48.00']
['', '', '28 X 24 SOUP AN CHAY', '', '[A5]', '', '15.40', 'CTNS', '', '', '', '0.000', '30.80']
['', '', '', '', '', '', '', '', '', '', '', '', '17.20', '35.8']
['800', 'BR115', 'NEW CHOICE CHICKEN BROTH', '', '', '', '80', 'CTNS', '5.80', 'per', 'CTNS', '0.000', '464.00']
['', '', '14 OZ X', '12 CAN soup ga', '', '', '5.20', 'CTNS', '', '', '', '0.000', '416.00']
['', '', '', '', '', '', '', '', '', '', '', '', '48.00', '10.3']
['810', 'BR116A', 'NEW CHOICE VEGETABLE SOUP', '', '', '', '10', 'CTNS', '6.50', 'per', 'CTNS', '0.000', '65.00']
['', '', '14 OZ X', '12 CAN SOUP CHAY', '', '', '5.85', 'CTNS', '', '', '', '0.000', '58.50']
['', '', '', '', '', '', '', '', '', '', '', '', '6.50', '10.0']
['820', 'COF180', 'CAFE PHO', '3IN1 (BAG)', '30TB', '', '2', 'CTNS', '140.00', 'per', 'CTNS', '0.000', '280.00']
['', '', '24 GM X', '30TB X', '20 BAGS', '', '95.00', 'CTNS', '', '', '', '0.000', '190.00']
['', '', '', '', '', '', '', '', '', '', '', '', '90.00', '32.1']
['830', 'COF181', 'CAFE PHO', '3IN1 (BOX) WORLD', '', '', '2', 'CTNS', '140.00', 'per', 'CTNS', '0.000', '280.00']
['', '', '24 GM X', '10S X', '60 BOX', 'CUP', '95.00', 'CTNS', '', '', '', '0.000', '190.00']
['', '', '', '', '', '', '', '', '', '', '', '', '90.00', '32.1']
['', '', '', '', '', '', '', '', '', '', '', '16.00', '22.9']
['20', 'CF321', 'LAL LONGAN IN SYRUP', '', '[B19]', '2', 'CTNS', '35.00', 'per', 'CTNS', '0.000', '70.00']
['', '', '', '', '', '', '', '', '', '', '', '220.00', '36.7']
['950', 'NT130', 'LAL RED PEANUT', '(10+1)', '', '10', 'CTNS', '60.00', 'per', 'CTNS', '0.000', '600.00']
['', '', '', '', '', '', '', '', '', '', '', '60.10', '37.6']
['910', 'DV200', 'LAL COOKING TAMARIND', '', '', '2', 'CTNS', '80.00', 'per', 'CTNS', '0.000', '160.00']
['', '', '', '', '', '', '', '', '', '', '', '6.00', '9.8']
['890', 'DD132', 'KTT BOT BANH GIO', '* A-07', '', '2', 'CTNS', '30.50', 'per', 'CTNS', '0.000', '61.00']
['', '', '', '', '', '', '', '', '', '', '', '6.00', '33.3']
['870', 'DD150', 'VT BOT BANH BEO', '', '', '1', 'CTNS', '18.00', 'per CTNS', '', '0.000', '18.00']
['Invoice', '#:', '769345', 'Invoice date:', '09/25/18', 'Customer: KIM', 'KIM NHUNG SUPERSTORE WEST', '', 'Sales rep:', '16']
['900', 'SU112', 'C&H SUGAR', '*4 LBS*', '', '2', 'CTNS', '22.00', 'per', 'CTNS', '0.000', '44.00']
['', '', '4 LBS X', '10 BAG', '[C29]', '18.79', 'CTNS', '', '', '', '0.000', '37.58']
['', '', '', '', '', '', '', '', '', '', '', '6.42', '14.6']
['910', 'DV200', 'LAL COOKING TAMARIND', '', '', '2', 'CTNS', '80.00', 'per', 'CTNS', '0.000', '160.00']
['', '', '14 OZ X', '50 BAGS', '10+1', '49.95', 'CTNS', '', '', '', '0.000', '99.90']
['', '', '', '', '', '', '', '', '', '', '', '60.10', '37.6']
['930', 'PW239', 'TOTOLE CHICKEN BOUILLON S', '', '', '5', 'CTNS', '75.00', 'per', 'CTNS', '0.000', '375.00']
['', '', '16 OZ X', '24 CAN', '', '68.00', 'CTNS', '', '', '', '0.000', '340.00']
['', '', '', '', '', '', '', '', '', '', '', '35.00', '9.3']
['950', 'NT130', 'LAL RED PEANUT', '(10+1)', '', '10', 'CTNS', '60.00', 'per', 'CTNS', '0.000', '600.00']
['', '', '12 OZ. X', '60 BG', '*USA*', '38.00', 'CTNS', '', '', '', '0.000', '380.00']
['', '', '', '', '', '', '', '', '', '', '', '220.00', '36.7']
['960', 'NT130', 'LAL RED PEANUT', '(10+1)', '', '1', 'CTNS', '0.00', 'per', 'CTNS', '0.000', '0.00']
['', '', '12 OZ. X', '60 BG', '*USA*', '38.00', 'CTNS', '', '', '', '0.000', '38.00']
['', '', '', '', '', '', '', '', '', '', '', '38.00-', '0.0']
['20', 'CF321', 'LAL LONGAN IN SYRUP', '', '[B19]', '2', 'CTNS', '35.00', 'per', 'CTNS', '0.000', '70.00']
['', '', '20 OZ. X', '24 CANS', '', '27.00', 'CTNS', '', '', '', '0.000', '54.00']
['', '', '', '', '', '', '', '', '', '', '', '16.00', '22.9']
['30', 'CV121', 'LAL YANANG LEAVE EXTRACT', '', '', '1', 'CTNS', '21.00', 'per', 'CTNS', '0.000', '21.00']
['', '', '14OZ/24 (NUOC SUONG SAM)', '', '', '15.93', 'CTNS', '', '', '', '0.000', '15.93']
['', '', '', '', '', '', '', '', '', '', '', '5.07', '24.1']
['', '', '', '', '', '', '', '', '', '', '', '5.00', '19.2']
['190', 'SS123', '', 'HEALTHY BOY MUSHROOM SOY', '', '1', 'CTNS', '26.00', 'per', 'CTNS', '0.000', '26.00']
['', '', '', '', '', '', '', '', '', '', '', '14.04', '9.8']
['170', 'SA103', 'LKK PREMIUM OYSTER', '', '18 OZ', '2', 'CTNS', '72.00', 'per', 'CTNS', '0.000', '144.00']
['', '', '', '', '', '', '', '', '', '', '', '10.00', '16.0']
['120', 'FL131', 'ERAWAN TAPIOCA STARCH', '', '', '5', 'CTNS', '12.50', 'per', 'CTNS', '0.000', '62.50']
['', '', '', '', '', '', '', '', '', '', '', '6.00', '9.1']
['100', 'COF108', 'TRUNG NGUYEN COFFEE (CAN)', '', '', '1', 'CTNS', '66.00', 'per', 'CTNS', '0.000', '66.00']
['', '', '', '', '', '', '', '', '', '', '', '3.00', '13.0']
['80', 'CF250', 'CHAOKOH COCONUT GEL', '', '', '1', 'CTNS', '23.00', 'per CTNS', '', '0.000', '23.00']
['Invoice', '#:', '769345', 'Invoice date:', '09/25/18', 'Customer: KIM', 'KIM NHUNG SUPERSTORE WEST', '', 'Sales rep:', '16']
['110', 'COF130', 'CAFE DU MONDE', '', '', '1', 'CTNS', '99.00', 'per', 'CTNS', '0.000', '99.00']
['', '', '15 OZ X', '24 CANS', '[D31]', '89.00', 'CTNS', '', '', '', '0.000', '89.00']
['', '', '', '', '', '', '', '', '', '', '', '10.00', '10.1']
['120', 'FL131', 'ERAWAN TAPIOCA STARCH', '', '', '5', 'CTNS', '12.50', 'per', 'CTNS', '0.000', '62.50']
['', '', '16 OZ X', '24 BAG (BOT NANG)', '', '10.50', 'CTNS', '', '', '', '0.000', '52.50']
['', '', '', '', '', '', '', '', '', '', '', '10.00', '16.0']
['150', 'SS132', 'PRB MUSHROOM SOYSAUCE', '', '5lb', '1', 'CTNS', '43.00', 'per', 'CTNS', '0.000', '43.00']
['', '', '1.8L X', '12 BT', '[F32]', '38.88', 'CTNS', '', '', '', '0.000', '38.88']
['', '', '', '', '', '', '', '', '', '', '', '4.12', '9.6']
['170', 'SA103', 'LKK PREMIUM OYSTER', '', '18 OZ', '2', 'CTNS', '72.00', 'per', 'CTNS', '0.000', '144.00']
['', '', '18 OZ/24 BT SAUCE*100020', '', '', '64.98', 'CTNS', '', '', '', '0.000', '129.96']
['', '', '', '', '', '', '', '', '', '', '', '14.04', '9.8']
['180', 'VI104', 'GOLDEN STATE VINEGAR', '', '', '1', 'CTNS', '8.00', 'per', 'CTNS', '0.000', '8.00']
['', '', '4 X', '1 GAL', '', '6.50', 'CTNS', '', '', '', '0.000', '6.50']
['', '', '', '', '', '', '', '', '', '', '', '1.50', '18.8']
['190', 'SS123', '', 'HEALTHY BOY MUSHROOM SOY', '', '1', 'CTNS', '26.00', 'per', 'CTNS', '0.000', '26.00']
['', '', '23.5 OZ/12 BT SAUCE', '', '10+1', '21.00', 'CTNS', '', '', '', '0.000', '21.00']
['', '', '', '', '', '', '', '', '', '', '', '5.00', '19.2']
['230', 'SS155', 'MAEKRUA OYSTER SAUCE', '', '*L*', '1', 'CTNS', '22.00', 'per', 'CTNS', '0.000', '22.00']
['', '', '20 OZ X', '12 BT', 'thailand', '20.00', 'CTNS', '', '', '', '0.000', '20.00']
['', '', '', '', '', '', '', '', '', '', '', '2.00', '9.1']
['', '', '', '', '', '', '', '', '', '', '', '', '21.00', '33.9']
['340', 'NO106B', 'SAFOCO RICE MACARONI', '', '', '*L-T', '4', 'CTNS', '15.50', 'per', 'CTNS', '0.000', '62.00']
['', '', '', '', '', '', '', '', '', '', '', '', '36.40', '28.0']
['310', 'RS104A', 'MY THO BUN TUOI', '', '14oz', '', '5', 'CTNS', '26.00', 'per', 'CTNS', '0.000', '130.00']
['', '', '', '', '', '', '', '', '', '', '', '', '50.00', '37.3']
['290', 'RS139', 'NP BUN BO HUE', '', '', '', '4', 'CTNS', '33.50', 'per', 'CTNS', '0.000', '134.00']
['', '', '', '', '', '', '', '', '', '', '', '', '4.00', '11.1']
['270', 'UT281', 'NET BAGS', '*RED COLOR*', '', '', '2', 'CTNS', '18.00', 'per', 'CTNS', '0.000', '36.00']
['', '', '', '', '', '', '', '', '', '', '', '', '13.25', '17.7']
['250', 'UT295', 'CLEAR PLASTIC BAG', '', '*LD-19*', '', '5', 'CTN', '15.00', 'per CTN', '', '0.000', '75.00']
['Invoice', '#:', '769345', 'Invoice date:', '09/25/18', 'Customer: KIM', 'KIM NHUNG SUPERSTORE WEST', '', 'Sales rep:', '16']
['280', 'BR108', 'TEMPLE SOUP PHO BAC', '', '', '', '2', 'CTNS', '16.50', 'per', 'CTNS', '0.000', '33.00']
['', '', '30 OZ X', '12 CANNED', '', '', '14.95', 'CTNS', '', '', '', '0.000', '29.90']
['', '', '', '', '', '', '', '', '', '', '', '', '3.10', '9.4']
['290', 'RS139', 'NP BUN BO HUE', '', '', '', '4', 'CTNS', '33.50', 'per', 'CTNS', '0.000', '134.00']
['', '', '2 LBS X', '20 BAGS', '', '', '21.00', 'CTNS', '', '', '', '0.000', '84.00']
['', '', '', '', '', '', '', '', '', '', '', '', '50.00', '37.3']
['300', 'RP111A', 'BANH TRANG MY THO', '', '*25CM*', '', '4', 'CTNS', '41.00', 'per', 'CTNS', '0.000', '164.00']
['', '', '12 OZ X', '44 BAGS', '', '[I42]', '30.77', 'CTNS', '', '', '', '0.000', '123.08']
['', '', '', '', '', '', '', '', '', '', '', '', '40.92', '25.0']
['310', 'RS104A', 'MY THO BUN TUOI', '', '14oz', '', '5', 'CTNS', '26.00', 'per', 'CTNS', '0.000', '130.00']
['', '', '14 OZ X', '30 BG', '', '', '18.72', 'CTNS', '', '', '', '0.000', '93.60']
['', '', '', '', '', '', '', '', '', '', '', '', '36.40', '28.0']
['330', 'NO106A', 'SAFOCO RICE MACRONI K-T', '', '', '', '4', 'CTNS', '17.00', 'per', 'CTNS', '0.000', '68.00']
['', '', '17.6ZX', '10 cong short tube', '', '', '11.06', 'CTNS', '', '', '', '0.000', '44.24']
['', '', '', '', '', '', '', '', '', '', '', '', '23.76', '34.9']
['340', 'NO106B', 'SAFOCO RICE MACARONI', '', '', '*L-T', '4', 'CTNS', '15.50', 'per', 'CTNS', '0.000', '62.00']
['', '', '14 OZ X', '12', '*nui ong lon*', '', '10.25', 'CTNS', '', '', '', '0.000', '41.00']
['', '', '', '', '', '', '', '', '', '', '', '', '21.00', '33.9']
['360', 'DV149', 'LUCKY C BLACK FUNGUS', '', '', '*WHO', '2', 'CTNS', '35.00', 'per', 'CTNS', '0.000', '70.00']
['', '', '2.5 OZ X', '50 BAGS', '', '*WHOLE*', '21.90', 'CTNS', '', '', '', '0.000', '43.80']
['', '', '', '', '', '', '', '', '', '', '', '', '26.20', '37.4']
['', '', '', '', '', '', '', '', '', '', '', '7.80', '11.3']
['510', 'FJ108', "FUN CLUB SQUE'EASY", '', '*mix*', '3', 'CTNS', '23.00', 'per', 'CTNS', '0.000', '69.00']
['', '', '', '', '', '', '', '', '', '', '', '9.00', '11.3']
['470', 'FJ110', 'ABC JELLY STRAWS', '', '*PANDA*', '3', 'CTNS', '26.50', 'per', 'CTNS', '0.000', '79.50']
['', '', '', '', '', '', '', '', '', '', '', '9.00', '15.3']
['450', 'CA134', 'CHACHA SUNFLOWER-COCONUT', '', '', '2', 'CTNS', '29.50', 'per', 'CTNS', '0.000', '59.00']
['', '', '', '', '', '', '', '', '', '', '', '2.50', '9.4']
['430', 'CO255', 'GARDEN DURIAN WAFER', '', '', '1', 'CTNS', '26.50', 'per', 'CTNS', '0.000', '26.50']
['', '', '', '', '', '', '', '', '', '', '', '2.50', '9.4']
['410', 'CO255B', 'GARDEN STRAWBERY WAFER', '', '', '1', 'CTNS', '26.50', 'per CTNS', '', '0.000', '26.50']
['Invoice', '#:', '769345', 'Invoice date:', '09/25/18', 'Customer: KIM', 'KIM NHUNG SUPERSTORE WEST', '', 'Sales rep:', '16']
['440', 'CA131', 'CHACHA SUNFLOWER-ORIGINAL', '', '', '1', 'CTNS', '29.50', 'per', 'CTNS', '0.000', '29.50']
['', '', '250 GR X', '18 BG SEEDS H32b', '', '25.00', 'CTNS', '', '', '', '0.000', '25.00']
['', '', '', '', '', '', '', '', '', '', '', '4.50', '15.3']
['450', 'CA134', 'CHACHA SUNFLOWER-COCONUT', '', '', '2', 'CTNS', '29.50', 'per', 'CTNS', '0.000', '59.00']
['', '', '250 GR X', '18 BG SEEDS H33b', '', '25.00', 'CTNS', '', '', '', '0.000', '50.00']
['', '', '', '', '', '', '', '', '', '', '', '9.00', '15.3']
['460', 'CA132', 'CHACHA SUNFLOWER-SPICY', '', '', '4', 'CTNS', '29.50', 'per', 'CTNS', '0.000', '118.00']
['', '', '250 GR X', '18 BG SEEDS H33b', '', '25.00', 'CTNS', '', '', '', '0.000', '100.00']
['', '', '', '', '', '', '', '', '', '', '', '18.00', '15.3']
['470', 'FJ110', 'ABC JELLY STRAWS', '', '*PANDA*', '3', 'CTNS', '26.50', 'per', 'CTNS', '0.000', '79.50']
['', '', '1650 G X', '6 BT STICKS', '', '23.50', 'CTNS', '', '', '', '0.000', '70.50']
['', '', '', '', '', '', '', '', '', '', '', '9.00', '11.3']
['500', 'FJ109', "FUN CLUB SQUE'EASY lychee", '', '', '3', 'CTNS', '23.00', 'per', 'CTNS', '0.000', '69.00']
['', '', '43 OZ', '/6 JAR FRUITY SNACK', '', '20.40', 'CTNS', '', '', '', '0.000', '61.20']
['', '', '', '', '', '', '', '', '', '', '', '7.80', '11.3']
['510', 'FJ108', "FUN CLUB SQUE'EASY", '', '*mix*', '3', 'CTNS', '23.00', 'per', 'CTNS', '0.000', '69.00']
['', '', '43 OZ', '/6 JAR FRUITY SNACK', '', '20.40', 'CTNS', '', '', '', '0.000', '61.20']
['', '', '', '', '', '', '', '', '', '', '', '7.80', '11.3']
['520', 'FD350', "YEO'S SOYBEAN DRINK cans", '', '', '10', 'CTNS', '11.00', 'per', 'CTNS', '0.000', '110.00']
['', '', '10 OZ X', '24 CANS', '10+1', '9.16', 'CTNS', '', '', '', '0.000', '91.60']
['', '', '', '', '', '', '', '', '', '', '', '18.40', '16.7']
['', '', '', '', '', '', '', '', '', '', '', '17.50', '21.9']
['620', 'FD359', "YEO'S LYCHEE DRINK pbox", '', '', '10', 'CTNS', '8.00', 'per', 'CTNS', '0.000', '80.00']
['', '', '', '', '', '', '', '', '', '', '', '11.90', '14.9']
['600', 'FD357', "YEO'S CHRYSANTHEMUM pbox", '', '', '10', 'CTNS', '8.00', 'per', 'CTNS', '0.000', '80.00']
['', '', '', '', '', '', '', '', '', '', '', '17.50', '21.9']
['580', 'FD356', "YEO'S SOYBEAN DR. ppbox", '', '', '10', 'CTNS', '8.00', 'per', 'CTNS', '0.000', '80.00']
['', '', '', '', '', '', '', '', '', '', '', '23.20', '20.2']
['560', 'FD355', "YEO'S SOYBEAN DRINK v.n.", '', '', '10', 'CTNS', '11.50', 'per', 'CTNS', '0.000', '115.00']
['', '', '', '', '', '', '', '', '', '', '', '14.00', '12.2']
['540', 'FD369', "YEO'S WHITE GOURD DR can", '', '', '10', 'CTNS', '11.50', 'per CTNS', '', '0.000', '115.00']
['Invoice', '#:', '769345', 'Invoice date:', '09/25/18', 'Customer: KIM', 'KIM NHUNG SUPERSTORE WEST', '', 'Sales rep:', '16']
['570', 'FD355', "YEO'S SOYBEAN DRINK v.n.", '', '', '1', 'CTNS', '0.00', 'per', 'CTNS', '0.000', '0.00']
['', '', '300ML/24 V.N STYLE', '', '10+1', '9.18', 'CTNS', '', '', '', '0.000', '9.18']
['', '', '', '', '', '', '', '', '', '', '', '9.18-', '0.0']
['580', 'FD356', "YEO'S SOYBEAN DR. ppbox", '', '', '10', 'CTNS', '8.00', 'per', 'CTNS', '0.000', '80.00']
['', '', '250 ML/24 PAPERBOX', '', '10+1', '6.25', 'CTNS', '', '', '', '0.000', '62.50']
['', '', '', '', '', '', '', '', '', '', '', '17.50', '21.9']
['590', 'FD356', "YEO'S SOYBEAN DR. ppbox", '', '', '1', 'CTNS', '0.00', 'per', 'CTNS', '0.000', '0.00']
['', '', '250 ML/24 PAPERBOX', '', '10+1', '6.25', 'CTNS', '', '', '', '0.000', '6.25']
['', '', '', '', '', '', '', '', '', '', '', '6.25-', '0.0']
['600', 'FD357', "YEO'S CHRYSANTHEMUM pbox", '', '', '10', 'CTNS', '8.00', 'per', 'CTNS', '0.000', '80.00']
['', '', '250ML X', '24 PAPER BOX', '10+1', '6.81', 'CTNS', '', '', '', '0.000', '68.10']
['', '', '', '', '', '', '', '', '', '', '', '11.90', '14.9']
['610', 'FD357', "YEO'S CHRYSANTHEMUM pbox", '', '', '1', 'CTNS', '0.00', 'per', 'CTNS', '0.000', '0.00']
['', '', '250ML X', '24 PAPER BOX', '10+1', '6.81', 'CTNS', '', '', '', '0.000', '6.81']
['', '', '', '', '', '', '', '', '', '', '', '6.81-', '0.0']
['620', 'FD359', "YEO'S LYCHEE DRINK pbox", '', '', '10', 'CTNS', '8.00', 'per', 'CTNS', '0.000', '80.00']
['', '', '250ML X', '24 PAPER BOX', '10+1', '6.25', 'CTNS', '', '', '', '0.000', '62.50']
['', '', '', '', '', '', '', '', '', '', '', '17.50', '21.9']
['630', 'FD359', "YEO'S LYCHEE DRINK pbox", '', '', '1', 'CTNS', '0.00', 'per', 'CTNS', '0.000', '0.00']
['', '', '250ML X', '24 PAPER BOX', '10+1', '6.25', 'CTNS', '', '', '', '0.000', '6.25']
['', '', '', '', '', '', '', '', '', '', '', '6.25-', '0.0']
['', '', '', '', '', '', '', '', '', '', '', '12.00', '15.4']
['740', 'FD118', 'LACTASOY SOY MILK ppbox', '', '', '6', 'CTNS', '13.00', 'per', 'CTNS', '0.000', '78.00']
['', '', '', '', '', '', '', '', '', '', '', '4.50', '9.4']
['720', 'FD158', 'PHI MANGO NECTAR DRINK', '', '', '3', 'CTNS', '16.00', 'per', 'CTNS', '0.000', '48.00']
['', '', '', '', '', '', '', '', '', '', '', '1.70', '10.6']
['700', 'FD153A', 'CHIN-C GREEN TEA honey', '', '', '1', 'CTN', '16.00', 'per', 'CTN', '0.000', '16.00']
['', '', '', '', '', '', '', '', '', '', '', '1.60', '11.4']
['680', 'FD148B', 'CHIN-C ASSAM MILK TEA', '', '', '1', 'CTNS', '14.00', 'per', 'CTNS', '0.000', '14.00']
['', '', '', '', '', '', '', '', '', '', '', '8.00', '11.4']
['650', 'FD103', 'CHIN-C MANGO DRINK', '', '', '5', 'CTNS', '14.00', 'per CTNS', '', '0.000', '70.00']
['Invoice', '#:', '769345', 'Invoice date:', '09/25/18', 'Customer: KIM', 'KIM NHUNG SUPERSTORE WEST', '', 'Sales rep:', '16']
['690', 'FD153F', 'CHIN-C GREEN TEA jasmine', '', '', '1', 'CTNS', '16.00', 'per', 'CTNS', '0.000', '16.00']
['', '', '17.9 OZ X', '24 BT', 'sweet', '14.30', 'CTNS', '', '', '', '0.000', '14.30']
['', '', '', '', '', '', '', '', '', '', '', '1.70', '10.6']
['700', 'FD153A', 'CHIN-C GREEN TEA honey', '', '', '1', 'CTN', '16.00', 'per', 'CTN', '0.000', '16.00']
['', '', '17.9OZ/24 BT', '', '[E17] CRV005', '14.30', 'CTN', '', '', '', '0.000', '14.30']
['', '', '', '', '', '', '', '', '', '', '', '1.70', '10.6']
['710', 'FD150', 'COCO RICO COCONUT SODA', '', '', '20', 'CTNS', '8.75', 'per', 'CTNS', '0.000', '175.00']
['', '', '12 OZ X', '24', '', '7.75', 'CTNS', '', '', '', '0.000', '155.00']
['', '', '', '', '', '', '', '', '', '', '', '20.00', '11.4']
['720', 'FD158', 'PHI MANGO NECTAR DRINK', '', '', '3', 'CTNS', '16.00', 'per', 'CTNS', '0.000', '48.00']
['', '', '8.4 OZ X', '24 CANS', 'CRV002', '14.50', 'CTNS', '', '', '', '0.000', '43.50']
['', '', '', '', '', '', '', '', '', '', '', '4.50', '9.4']
['730', 'FD158A', 'PHI CALAMANSI DRINK', '', '', '3', 'CTNS', '15.00', 'per', 'CTNS', '0.000', '45.00']
['', '', '8.4 OZ X', '24 CANS', '', '13.30', 'CTNS', '', '', '', '0.000', '39.90']
['', '', '', '', '', '', '', '', '', '', '', '5.10', '11.3']
['740', 'FD118', 'LACTASOY SOY MILK ppbox', '', '', '6', 'CTNS', '13.00', 'per', 'CTNS', '0.000', '78.00']
['', '', '(200mlx6) X', '6 PACK', '', '11.00', 'CTNS', '', '', '', '0.000', '66.00']
['', '', '', '', '', '', '', '', '', '', '', '12.00', '15.4']
['750', 'FD104', 'FOCO PENNYWORT DRINK', '', '', '10', 'CTNS', '13.50', 'per', 'CTNS', '0.000', '135.00']
['', '', '11.8 OZ X', '24 CAN', 'CRV002', '10.00', 'CTNS', '', '', '', '0.000', '100.00']
['', '', '', '', '', '', '', '', '', '', '', '35.00', '25.9']
['', '', '', '', '', '', '', '', '', '', '', '8.00', '14.3']
['890', 'FD108D', "WONDERFARM BIRD'S NEST", '', '', '4', 'CTNS', '14.00', 'per', 'CTNS', '0.000', '56.00']
['', '', '', '', '', '', '', '', '', '', '', '17.80', '12.3']
['860', 'ED103A', 'M-150 DRINK can', '', '', '10', 'CTNS', '14.50', 'per', 'CTNS', '0.000', '145.00']
['', '', '', '', '', '', '', '', '', '', '', '6.50', '9.2']
['840', 'FD122', 'MR BROWN CAPPUCCINO COFE', '', '', '5', 'CTNS', '14.10', 'per', 'CTNS', '0.000', '70.50']
['', '', '', '', '', '', '', '', '', '', '', '6.00', '10.7']
['810', 'FD107', 'CHAOKOH COCO JUICE W/MEAT', '', '', '4', 'CTNS', '14.00', 'per', 'CTNS', '0.000', '56.00']
['', '', '', '', '', '', '', '', '', '', '', '15.49-', '0.0']
['770', 'FD105C', 'FOCO ROAST. COCONUT JUICE', '', '', '1', 'CTNS', '0.00', 'per CTNS', '', '0.000', '0.00']
['Invoice', '#:', '769345', 'Invoice date:', '09/25/18', 'Customer: KIM', 'KIM NHUNG SUPERSTORE WEST', '', 'Sales rep:', '16']
['830', 'FD120', 'MR BROWN COFFEE', '', '[D27]', '10', 'CTNS', '14.10', 'per', 'CTNS', '0.000', '141.00']
['', '', '8.12 OZ X', '24 CAN', 'CRV002', '12.80', 'CTNS', '', '', '', '0.000', '128.00']
['', '', '', '', '', '', '', '', '', '', '', '13.00', '9.2']
['840', 'FD122', 'MR BROWN CAPPUCCINO COFE', '', '', '5', 'CTNS', '14.10', 'per', 'CTNS', '0.000', '70.50']
['', '', '8.12 OZ X', '24 CAN', 'CRV002', '12.80', 'CTNS', '', '', '', '0.000', '64.00']
['', '', '', '', '', '', '', '', '', '', '', '6.50', '9.2']
['850', 'FD123', 'MR BROWN MACADAMIA COFFEE', '', '', '5', 'CTNS', '14.10', 'per', 'CTNS', '0.000', '70.50']
['', '', '8.12 OZ X', '24 CAN', 'CRV002', '12.80', 'CTNS', '', '', '', '0.000', '64.00']
['', '', '', '', '', '', '', '', '', '', '', '6.50', '9.2']
['860', 'ED103A', 'M-150 DRINK can', '', '', '10', 'CTNS', '14.50', 'per', 'CTNS', '0.000', '145.00']
['', '', '24 CAN', 'CRV002', '[C17]', '12.72', 'CTNS', '', '', '', '0.000', '127.20']
['', '', '', '', '', '', '', '', '', '', '', '17.80', '12.3']
['880', 'FD191', 'VITAMILK SOY MILK', '', '', '6', 'CTNS', '14.00', 'per', 'CTNS', '0.000', '84.00']
['', '', '300 ML/24 BT', '', '[E32] CRV006', '12.00', 'CTNS', '', '', '', '0.000', '72.00']
['', '', '', '', '', '', '', '', '', '', '', '12.00', '14.3']
['890', 'FD108D', "WONDERFARM BIRD'S NEST", '', '', '4', 'CTNS', '14.00', 'per', 'CTNS', '0.000', '56.00']
['', '', '240 ML X', '30 CAN W/FUNGUS', '', '12.00', 'CTNS', '', '', '', '0.000', '48.00']
['', '', '', '', '', '', '', '', '', '', '', '8.00', '14.3']
['900', 'FD119B', 'CARBONATED MELON SODA', '', '', '1', 'CTN', '30.00', 'per', 'CTN', '0.000', '30.00']
['', '', '200 ML X 30 BT', '', '[E28] CRV3', '26.50', 'CTN', '', '', '', '0.000', '26.50']
['', '', '', '', '', '', '', '', '', '', '', '3.50', '11.7']
['', '', '', '', '', '', '', '', '', '', '', '', '6.75', '9.4']
['70', 'NO240A', 'HAO HAO ONION SATE', '', '', '*BAG*', '3', 'BDL', '24.00', 'per', 'BDL', '0.000', '72.00']
['', '', '', '', '', '', '', '', '', '', '', '', '3.00', '11.1']
['30', 'NO242', 'DAILY TOMYUM NOODLE', '', '', '', '1', 'BDL', '27.00', 'per', 'BDL', '0.000', '27.00']
['', '', '', '', '', '', '', '', '', '', '', '', '2.00', '5.9']
['980', 'NO310', 'MAMA MYOJO DUCK NOODLE', '', '', '', '1', 'BUND', '34.00', 'per', 'BUND', '0.000', '34.00']
['', '', '', '', '', '', '', '', '', '', '', '', '10.78', '39.2']
['940', 'FD109C', 'MOGU MOGU COCONUT DR. W/', '', '', '', '2', 'CTNS', '13.75', 'per', 'CTNS', '0.000', '27.50']
['', '', '', '', '', '', '', '', '', '', '', '', '3.50', '11.7']
['920', 'FD119', 'CARBONATED STRAWBERY SODA', '', '', '', '1', 'CTNS', '30.00', 'per CTNS', '', '0.000', '30.00']
['Invoice', '#:', '769345', 'Invoice date:', '09/25/18', 'Customer: KIM', 'KIM NHUNG SUPERSTORE WEST', '', 'Sales rep:', '16']
['960', 'FD109E', 'MOGU MOGU LYCHEE DR. W/', '', '', '', '2', 'CTNS', '13.75', 'per', 'CTNS', '0.000', '27.50']
['', '', '320ML X', '24 NATA COCO', '', '20+4', '8.36', 'CTNS', '', '', '', '0.000', '16.72']
['', '', '', '', '', '', '', '', '', '', '', '', '10.78', '39.2']
['980', 'NO310', 'MAMA MYOJO DUCK NOODLE', '', '', '', '1', 'BUND', '34.00', 'per', 'BUND', '0.000', '34.00']
['', '', '2.1 OZ X', '(3 X', '30)', '', '32.00', 'BUND', '', '', '', '0.000', '32.00']
['', '', '', '', '', '', '', '', '', '', '', '', '2.00', '5.9']
['10', 'NO200', 'MAMY PHO', '', '', '', '2', 'CTNS', '54.00', 'per', 'CTNS', '0.000', '108.00']
['', '', '1.7 OZ X', '(6 X', '30)', '[J6]', '49.50', 'CTNS', '', '', '', '0.000', '99.00']
['', '', '', '', '', '', '', '', '', '', '', '', '9.00', '8.3']
['30', 'NO242', 'DAILY TOMYUM NOODLE', '', '', '', '1', 'BDL', '27.00', 'per', 'BDL', '0.000', '27.00']
['', '', '3/24 BAG MI LAU THAI', '', '', 'J33', '24.00', 'BDL', '', '', '', '0.000', '24.00']
['', '', '', '', '', '', '', '', '', '', '', '', '3.00', '11.1']
['50', 'NO243', 'ACECOOK MI LAU THAI TOMYU', '', '', '', '4', 'BDL', '31.00', 'per', 'BDL', '0.000', '124.00']
['', '', '30 BAGS X', '3 BOX', '', '[J11]', '27.75', 'BDL', '', '', '', '0.000', '111.00']
['', '', '', '', '', '', '', '', '', '', '', '', '13.00', '10.5']
['70', 'NO240A', 'HAO HAO ONION SATE', '', '', '*BAG*', '3', 'BDL', '24.00', 'per', 'BDL', '0.000', '72.00']
['', '', '30 BAG X', '3 BOX', '', '[J31]', '21.75', 'BDL', '', '', '', '0.000', '65.25']
['', '', '', '', '', '', '', '', '', '', '', '', '6.75', '9.4']
['80', 'NO240C', 'HAO HAO ONION SHRIMP mi', '', '', '', '2', 'BDL', '24.00', 'per', 'BDL', '0.000', '48.00']
['', '', '30 BAGS X', '3 BOX xao kho', '', '', '21.75', 'BDL', '', '', '', '0.000', '43.50']
['', '', '', '', '', '', '', '', '', '', '', '', '4.50', '9.4']
['', '', '', '', '', '', '', '', '', '', '', '', '3.50', '9.6']
['210', 'NO481A', 'VIFON phu gia MIEN GA/Y', '', '', '', '1', 'CTNS', '36.50', 'per', 'CTNS', '0.000', '36.50']
['', '', '', '', '', '', '', '', '', '', '', '', '4.00', '9.5']
['190', 'NO470A', 'VIFON CHAO GA', '', '*BOWL*', '', '1', 'CTNS', '42.00', 'per', 'CTNS', '0.000', '42.00']
['', '', '', '', '', '', '', '', '', '', '', '', '7.00', '10.0']
['160', 'NO458', 'VIFON CHAO GA', '', '*BAG*', '', '2', 'BDL', '35.00', 'per', 'BDL', '0.000', '70.00']
['', '', '', '', '', '', '', '', '', '', '', '', '10.00', '9.4']
['120', 'NO450', 'VIFON PHO BO', '', '', '*bag*', '4', 'BDL', '26.50', 'per', 'BDL', '0.000', '106.00']
['', '', '', '', '', '', '', '', '', '', '', '', '13.50', '13.6']
['100', 'NO251', 'KUNG FU BEEF NOODLE', '', '', '', '3', 'BUND', '33.00', 'per BUND', '', '0.000', '99.00']
['Invoice', '#:', '769345', 'Invoice date:', '09/25/18', 'Customer: KIM', 'KIM NHUNG SUPERSTORE WEST', '', 'Sales rep:', '16']
['130', 'NO463', 'VIFON PHO BO', '', '', '*bowl*', '1', 'CTNS', '27.50', 'per', 'CTNS', '0.000', '27.50']
['', '', '2.4 OZ', '(3 X', '12)', '[J21]', '25.00', 'CTNS', '', '', '', '0.000', '25.00']
['', '', '', '', '', '', '', '', '', '', '', '', '2.50', '9.1']
['160', 'NO458', 'VIFON CHAO GA', '', '*BAG*', '', '2', 'BDL', '35.00', 'per', 'BDL', '0.000', '70.00']
['', '', '2.1z', '(3 X', '50) chao ga J19', '', '31.50', 'BDL', '', '', '', '0.000', '63.00']
['', '', '', '', '', '', '', '', '', '', '', '', '7.00', '10.0']
['170', 'NO248C', 'LA BO DE MI CHAY', '', '', '*10PK*', '1', 'CTNS', '20.00', 'per', 'CTNS', '0.000', '20.00']
['', '', '10 PACK X', '', '10 BAGS', '', '17.50', 'CTNS', '', '', '', '0.000', '17.50']
['', '', '', '', '', '', '', '', '', '', '', '', '2.50', '12.5']
['190', 'NO470A', 'VIFON CHAO GA', '', '*BOWL*', '', '1', 'CTNS', '42.00', 'per', 'CTNS', '0.000', '42.00']
['', '', '36 BOWL', '', '*chao ga*', '[J25]', '38.00', 'CTNS', '', '', '', '0.000', '38.00']
['', '', '', '', '', '', '', '', '', '', '', '', '4.00', '9.5']
['200', 'NO470', 'VIFON CHAO CA', '', '*BOWL*', '', '1', 'CTNS', '46.00', 'per', 'CTNS', '0.000', '46.00']
['', '', '4.2 z/36 bowl/CS', '', '', '[J17]', '42.00', 'CTNS', '', '', '', '0.000', '42.00']
['', '', '', '', '', '', '', '', '', '', '', '', '4.00', '8.7']
['210', 'NO481A', 'VIFON phu gia MIEN GA/Y', '', '', '', '1', 'CTNS', '36.50', 'per', 'CTNS', '0.000', '36.50']
['', '', '60 G/12 BG/6', '', '', '[J24]', '33.00', 'CTNS', '', '', '', '0.000', '33.00']
['', '', '', '', '', '', '', '', '', '', '', '', '3.50', '9.6']
['240', 'NO238', 'OH RICEY HU TIEU', '', '', '24 BAG', '3', 'BDL', '31.50', 'per', 'BDL', '0.000', '94.50']
['', '', '24 BAGS X', '', '3 BOX NAM VANG', '', '27.75', 'BDL', '', '', '', '0.000', '83.25']
['', '', '', '', '', '', '', '', '', '', '', '', '11.25', '11.9']
['', '', '', '', '', '', '', '', '', '', '', '3.00', '10.7']
['340', 'NO146B', 'MEI FF XO NOODLE', '', '', '1', 'CTNS', '28.00', 'per', 'CTNS', '0.000', '28.00']
['', '', '', '', '', '', '', '', '', '', '', '3.00', '10.5']
['320', 'NO146C', 'MEI FF TOM YUM SHRIMP', '', '', '1', 'CTNS', '28.50', 'per', 'CTNS', '0.000', '28.50']
['', '', '', '', '', '', '', '', '', '', '', '5.00', '10.9']
['300', 'NO300', 'ICHIBAN ORIGINAL NOODLE', '', '', '4', 'CTN', '11.50', 'per', 'CTN', '0.000', '46.00']
['', '', '', '', '', '', '', '', '', '', '', '4.00', '12.9']
['280', 'NO322', 'UDON MUSHROOM FLAVOR', '', '', '2', 'CTNS', '15.50', 'per', 'CTNS', '0.000', '31.00']
['', '', '', '', '', '', '', '', '', '', '', '2.00', '12.9']
['260', 'NO321', 'UDON BEEF FLAVOR', '', '', '1', 'CTNS', '15.50', 'per CTNS', '', '0.000', '15.50']
['Invoice', '#:', '769345', 'Invoice date:', '09/25/18', 'Customer: KIM', 'KIM NHUNG SUPERSTORE WEST', '', 'Sales rep:', '16']
['290', 'NO302', 'ICHIBAN CHICKEN NOODLE', '', '', '3', 'CTN', '11.50', 'per', 'CTN', '0.000', '34.50']
['', '', '3 OZ X', '24 BAGS', '', '10.25', 'CTN', '', '', '', '0.000', '30.75']
['', '', '', '', '', '', '', '', '', '', '', '3.75', '10.9']
['300', 'NO300', 'ICHIBAN ORIGINAL NOODLE', '', '', '4', 'CTN', '11.50', 'per', 'CTN', '0.000', '46.00']
['', '', '3.5 OZ X', '24 BAGS', '', '10.25', 'CTN', '', '', '', '0.000', '41.00']
['', '', '', '', '', '', '', '', '', '', '', '5.00', '10.9']
['310', 'NO145', 'MEI FF TOM YUM NOODLE', '', '', '1', 'CTNS', '28.00', 'per', 'CTNS', '0.000', '28.00']
['', '', '65 G X', '36 BOWL', '[J13]', '25.50', 'CTNS', '', '', '', '0.000', '25.50']
['', '', '', '', '', '', '', '', '', '', '', '2.50', '8.9']
['320', 'NO146C', 'MEI FF TOM YUM SHRIMP', '', '', '1', 'CTNS', '28.50', 'per', 'CTNS', '0.000', '28.50']
['', '', '65G/36 BOWL', '', '*CREAMY*', '25.50', 'CTNS', '', '', '', '0.000', '25.50']
['', '', '', '', '', '', '', '', '', '', '', '3.00', '10.5']
['330', 'NO147', 'MEI FF PHO BO', '', '', '1', 'CTNS', '28.50', 'per', 'CTNS', '0.000', '28.50']
['', '', '65 gr X', '36 BOWL', '[J14]', '25.50', 'CTNS', '', '', '', '0.000', '25.50']
['', '', '', '', '', '', '', '', '', '', '', '3.00', '10.5']
['340', 'NO146B', 'MEI FF XO NOODLE', '', '', '1', 'CTNS', '28.00', 'per', 'CTNS', '0.000', '28.00']
['', '', '65 G X', '36 BOWL', '', '25.00', 'CTNS', '', '', '', '0.000', '25.00']
['', '', '', '', '', '', '', '', '', '', '', '3.00', '10.7']
['400', 'SS190F', 'MAGGI SOYSAUCE VN', '', '*CHILI*', '5', 'CTNS', '21.00', 'per', 'CTNS', '0.000', '105.00']
['', '', '200ML X', '24 BT', '', '12.00', 'CTNS', '', '', '', '0.000', '60.00']
['', '', '', '', '', '', '', '', '', '', '', '45.00', '42.9']
['', '', '', '', '', '', '', '', '', '', '', '3.10', '11.1']
['550', 'SA119B', 'LKK SWEET SOY SAUCE', '', '', '1', 'CTNS', '28.00', 'per', 'CTNS', '0.000', '28.00']
['', '', '', '', '', '', '', '', '', '', '', '2.50', '20.0']
['520', 'VI101', 'GOLDEN MOUNTAIN VINEGAR L', '', '', '1', 'CTNS', '12.50', 'per', 'CTNS', '0.000', '12.50']
['', '', '', '', '', '', '', '', '', '', '', '3.00', '19.4']
['500', 'FS192', 'TIPAROS FISH SAUCE round.', '', '', '1', 'CTNS', '15.50', 'per', 'CTNS', '0.000', '15.50']
['', '', '', '', '', '', '', '', '', '', '', '3.35', '17.6']
['480', 'SS150', 'LAURIAT SOY SAUCE', '', '', '1', 'CTNS', '19.00', 'per', 'CTNS', '0.000', '19.00']
['', '', '', '', '', '', '', '', '', '', '', '4.05', '10.9']
['430', 'SS130', 'PRB DARK SOY SAUCE', '', '500ML', '1', 'CTNS', '37.00', 'per CTNS', '', '0.000', '37.00']
['Invoice', '#:', '769345', 'Invoice date:', '09/25/18', 'Customer: KIM', 'KIM NHUNG SUPERSTORE WEST', '', 'Sales rep:', '16']
['490', 'SS152B', 'PANTAI MUSHROOM SOY SAUCE', '', '', '1', 'CTNS', '28.00', 'per', 'CTNS', '0.000', '28.00']
['', '', '25 OZ X', '12 BTL', '', '20.32', 'CTNS', '', '', '', '0.000', '20.32']
['', '', '', '', '', '', '', '', '', '', '', '7.68', '27.4']
['500', 'FS192', 'TIPAROS FISH SAUCE round.', '', '', '1', 'CTNS', '15.50', 'per', 'CTNS', '0.000', '15.50']
['', '', '23 OZ X', '12 round BT', '[F9]', '12.50', 'CTNS', '', '', '', '0.000', '12.50']
['', '', '', '', '', '', '', '', '', '', '', '3.00', '19.4']
['510', 'SS182', 'KKM SOY SAUCE', '', '10 OZ', '1', 'CTNS', '40.00', 'per', 'CTNS', '0.000', '40.00']
['', '', '10 OZ X', '24 BT', '[G23]', '36.00', 'CTNS', '', '', '', '0.000', '36.00']
['', '', '', '', '', '', '', '', '', '', '', '4.00', '10.0']
['520', 'VI101', 'GOLDEN MOUNTAIN VINEGAR L', '', '', '1', 'CTNS', '12.50', 'per', 'CTNS', '0.000', '12.50']
['', '', '980 ML X', '12 BT', '', '10.00', 'CTNS', '', '', '', '0.000', '10.00']
['', '', '', '', '', '', '', '', '', '', '', '2.50', '20.0']
['530', 'VI120', 'DATU PUTI VINEGAR', '', '*33 OZ', '1', 'CTNS', '12.50', 'per', 'CTNS', '0.000', '12.50']
['', '', '33 OZ X', '12 PLASTIC BTLS', '', '11.15', 'CTNS', '', '', '', '0.000', '11.15']
['', '', '', '', '', '', '', '', '', '', '', '1.35', '10.8']
['550', 'SA119B', 'LKK SWEET SOY SAUCE', '', '', '1', 'CTNS', '28.00', 'per', 'CTNS', '0.000', '28.00']
['', '', '14 OZ X', '12', '', '24.90', 'CTNS', '', '', '', '0.000', '24.90']
['', '', '', '', '', '', '', '', '', '', '', '3.10', '11.1']
['560', 'VI131', 'KC SWEETEND BLACK VINEGAR', '', '', '1', 'CTNS', '24.50', 'per', 'CTNS', '0.000', '24.50']
['', '', '16.9 OZ X', '12 BT', '', '22.00', 'CTNS', '', '', '', '0.000', '22.00']
['', '', '', '', '', '', '', '', '', '', '', '2.50', '10.2']
['', '', '', '', '', '', '', '', '', '', '', '4.00', '8.7']
['690', 'SS187', 'KKM SOY SAUCE', '1 GAL', '', '1', 'EACH', '46.00', 'per', 'CTNS', '0.000', '46.00']
['', '', '', '', '', '', '', '', '', '', '', '10.00', '10.3']
['670', 'CI130', 'BELL & FLOWER FRIED CHILI', '', '', '1', 'CTNS', '97.00', 'per', 'CTNS', '0.000', '97.00']
['', '', '', '', '', '', '', '', '', '', '', '19.02', '29.7']
['640', 'PA143B', 'LAL GIA VI BUN BO HUE', '', '', '2', 'CTNS', '32.00', 'per', 'CTNS', '0.000', '64.00']
['', '', '', '', '', '', '', '', '', '', '', '14.56', '25.1']
['600', 'SS107A', 'CJ KALBI RIB SAUCE', '', '*S*', '2', 'CTNS', '29.00', 'per', 'CTNS', '0.000', '58.00']
['', '', '', '', '', '', '', '', '', '', '', '2.50', '19.2']
['580', 'CW120', 'SHAO HSING COOKING WINE', '', '', '1', 'CTNS', '13.00', 'per CTNS', '', '0.000', '13.00']
['Invoice', '#:', '769345', 'Invoice date:', '09/25/18', 'Customer: KIM', 'KIM NHUNG SUPERSTORE WEST', '', 'Sales rep:', '16']
['630', 'PA202', 'POR KWAN TOM YUM PASTE-L-', '', '', '1', 'CTNS', '60.00', 'per', 'CTNS', '0.000', '60.00']
['', '', '16 OZ X', '24', '', '41.43', 'CTNS', '', '', '', '0.000', '41.43']
['', '', '', '', '', '', '', '', '', '', '', '18.57', '31.0']
['640', 'PA143B', 'LAL GIA VI BUN BO HUE', '', '', '2', 'CTNS', '32.00', 'per', 'CTNS', '0.000', '64.00']
['', '', '7 OZ X', '24 JAR', '[B3]', '22.49', 'CTNS', '', '', '', '0.000', '44.98']
['', '', '', '', '', '', '', '', '', '', '', '19.02', '29.7']
['660', 'CV144', 'SUPER-Q BEAN CURD', '', '*HOT*', '1', 'CTNS', '51.00', 'per', 'CTNS', '0.000', '51.00']
['', '', '10.5 OZ X', '24', '', '46.00', 'CTNS', '', '', '', '0.000', '46.00']
['', '', '', '', '', '', '', '', '', '', '', '5.00', '9.8']
['670', 'CI130', 'BELL & FLOWER FRIED CHILI', '', '', '1', 'CTNS', '97.00', 'per', 'CTNS', '0.000', '97.00']
['', '', '10.5 OZ X', '24 JAR', 'PASTE', '87.00', 'CTNS', '', '', '', '0.000', '87.00']
['', '', '', '', '', '', '', '', '', '', '', '10.00', '10.3']
['680', 'CI130A', 'LAL FRIED CHILI PASTE HOT', '', '', '1', 'CTNS', '77.00', 'per', 'CTNS', '0.000', '77.00']
['', '', '14 OZ X', '24 JARS', '*THAI*', '51.45', 'CTNS', '', '', '', '0.000', '51.45']
['', '', '', '', '', '', '', '', '', '', '', '25.55', '33.2']
['690', 'SS187', 'KKM SOY SAUCE', '1 GAL', '', '1', 'EACH', '46.00', 'per', 'CTNS', '0.000', '46.00']
['', '', '1 GALLON X', '4 CAN', '[G24]', '42.00', 'EACH', '', '', '', '0.000', '42.00']
['', '', '', '', '', '', '', '', '', '', '', '4.00', '8.7']
['740', 'CF115', 'KAMAYAN ANCHOVIS BALAYAN', '', '', '1', 'CTNS', '36.00', 'per', 'CTNS', '0.000', '36.00']
['', '', '12 OZ X', '24 BTL', 'SAUCE', '32.50', 'CTNS', '', '', '', '0.000', '32.50']
['', '', '', '', '', '', '', '', '', '', '', '3.50', '9.7']
['', '', '', '', '', '', '', '', '', '', '', '', '2.75', '9.5']
['910', 'KS202A', 'SK BOT NGHE', '', '4 OZ turmeric', '', '1', 'CTNS', '29.00', 'per', 'CTNS', '0.000', '29.00']
['', '', '', '', '', '', '', '', '', '', '', '', '16.00', '36.4']
['870', 'FL149', 'LAL BOT KHOAI TRANG', '', '', '', '1', 'CTNS', '44.00', 'per', 'CTNS', '0.000', '44.00']
['', '', '', '', '', '', '', '', '', '', '', '', '8.00', '10.0']
['840', 'ED160', 'KOEPOE PANDAN LA DUA', '', '', '', '1', 'CTNS', '80.00', 'per', 'CTNS', '0.000', '80.00']
['', '', '', '', '', '', '', '', '', '', '', '', '5.50', '22.9']
['820', 'DD140', 'VT BOT CHIEN TOM', '', '', '', '1', 'CTNS', '24.00', 'per', 'CTNS', '0.000', '24.00']
['', '', '', '', '', '', '', '', '', '', '', '', '4.00', '11.1']
['790', 'FP149A', 'ANH HONG MAM NEM PHA SAN', '', '', '', '1', 'CTNS', '36.00', 'per CTNS', '', '0.000', '36.00']
['Invoice', '#:', '769345', 'Invoice date:', '09/25/18', 'Customer: KIM', 'KIM NHUNG SUPERSTORE WEST', '', 'Sales rep:', '16']
['830', 'BN112', 'LAL BAP GIA', '', '*MAIZE EAR*', '', '1', 'CTNS', '42.00', 'per', 'CTNS', '0.000', '42.00']
['', '', '12 OZ X', '40', '', '', '30.00', 'CTNS', '', '', '', '0.000', '30.00']
['', '', '', '', '', '', '', '', '', '', '', '', '12.00', '28.6']
['840', 'ED160', 'KOEPOE PANDAN LA DUA', '', '', '', '1', 'CTNS', '80.00', 'per', 'CTNS', '0.000', '80.00']
['', '', '1 OZ X', '144', '*KUPU*', 'PASTE', '72.00', 'CTNS', '', '', '', '0.000', '72.00']
['', '', '', '', '', '', '', '', '', '', '', '', '8.00', '10.0']
['850', 'FC099', 'FOOD COLOR KIT', '', '', '(4 COLORS)', '1', 'BOX', '52.00', 'per', 'BOX', '0.000', '52.00']
['', '', '.3 OZ', '(4 PCS) X', '', '12 PACKS', '45.72', 'BOX', '', '', '', '0.000', '45.72']
['', '', '', '', '', '', '', '', '', '', '', '', '6.28', '12.1']
['870', 'FL149', 'LAL BOT KHOAI TRANG', '', '', '', '1', 'CTNS', '44.00', 'per', 'CTNS', '0.000', '44.00']
['', '', '8.8 OZ X', '50 BAGS', '', '*WHITE*', '28.00', 'CTNS', '', '', '', '0.000', '28.00']
['', '', '', '', '', '', '', '', '', '', '', '', '16.00', '36.4']
['900', 'DD117', 'KTT CARI NI AN DO', '', '', '(16oz)', '1', 'CTNS', '45.00', 'per', 'CTNS', '0.000', '45.00']
['', '', '16OZ/12 CURRY POWDER A-21', '', '', '', '40.00', 'CTNS', '', '', '', '0.000', '40.00']
['', '', '', '', '', '', '', '', '', '', '', '', '5.00', '11.1']
['910', 'KS202A', 'SK BOT NGHE', '', '4 OZ turmeric', '', '1', 'CTNS', '29.00', 'per', 'CTNS', '0.000', '29.00']
['', '', '4 OZ X', '12 BOTTLE', '', '[G8b]', '26.25', 'CTNS', '', '', '', '0.000', '26.25']
['', '', '', '', '', '', '', '', '', '', '', '', '2.75', '9.5']
['920', 'KS225', 'SK NGU VI HUONG', '', '', '4 OZ', '1', 'CTNS', '34.00', 'per', 'CTNS', '0.000', '34.00']
['', '', '4 OZ X', '12 BT', '', '', '30.75', 'CTNS', '', '', '', '0.000', '30.75']
['', '', '', '', '', '', '', '', '', '', '', '', '3.25', '9.6']
['', '', '', '', '', '', '', '', '', '', '', '7.91', '21.4']
['100', 'PW156A', 'BAO LONG TOM KHO TAU', '', '', '1', 'CTNS', '37.00', 'per', 'CTNS', '0.000', '37.00']
['', '', '', '', '', '', '', '', '', '', '', '10.91', '29.5']
['80', 'PW150', 'BAO LONG PHO FLAVOR', '', '*', '1', 'CTNS', '37.00', 'per', 'CTNS', '0.000', '37.00']
['', '', '', '', '', '', '', '', '', '', '', '4.54', '9.1']
['40', 'PW303B', 'LOTUS GIA VI BO KHO', '', '', '1', 'CTN', '50.00', 'per', 'CTN', '0.000', '50.00']
['', '', '', '', '', '', '', '', '', '', '', '20.00', '12.5']
['0', 'PW102', 'VEGEHOPE SEASONING GREEN', '', '', '1', 'CTNS', '160.00', 'per', 'CTNS', '0.000', '160.00']
['', '', '', '', '', '', '', '', '', '', '', '4.50', '16.1']
['970', 'LP101', 'NP. LIME PASTE (WHITE)', '', '', '1', 'CTNS', '28.00', 'per CTNS', '', '0.000', '28.00']
['Invoice', '#:', '769345', 'Invoice date:', '09/25/18', 'Customer: KIM', 'KIM NHUNG SUPERSTORE WEST', '', 'Sales rep:', '16']
['30', 'MS100', 'AJINOMOTO MSG', '', '3 LBS', '1', 'CTNS', '74.00', 'per', 'CTNS', '0.000', '74.00']
['', '', '3 LBS X', '16 BAGS', '', '65.90', 'CTNS', '', '', '', '0.000', '65.90']
['', '', '', '', '', '', '', '', '', '', '', '8.10', '10.9']
['40', 'PW303B', 'LOTUS GIA VI BO KHO', '', '', '1', 'CTN', '50.00', 'per', 'CTN', '0.000', '50.00']
['', '', '2.7 OZ X', '24 BAGS', '', '45.46', 'CTN', '', '', '', '0.000', '45.46']
['', '', '', '', '', '', '', '', '', '', '', '4.54', '9.1']
['70', 'PW157', 'BAO LONG BANH CANH CUA', '', '', '1', 'CTNS', '37.00', 'per', 'CTNS', '0.000', '37.00']
['', '', '144 BOX', '*6/7/2020', '', '26.09', 'CTNS', '', '', '', '0.000', '26.09']
['', '', '', '', '', '', '', '', '', '', '', '10.91', '29.5']
['80', 'PW150', 'BAO LONG PHO FLAVOR', '', '*', '1', 'CTNS', '37.00', 'per', 'CTNS', '0.000', '37.00']
['', '', '144 BOX', '', '*6/7/2020', '26.09', 'CTNS', '', '', '', '0.000', '26.09']
['', '', '', '', '', '', '', '', '', '', '', '10.91', '29.5']
['90', 'PW156', 'BAO LONG KHO TIEU FLAVOR', '', '', '1', 'CTNS', '37.00', 'per', 'CTNS', '0.000', '37.00']
['', '', '144 BOX', '*6/7/2020', '', '26.09', 'CTNS', '', '', '', '0.000', '26.09']
['', '', '', '', '', '', '', '', '', '', '', '10.91', '29.5']
['100', 'PW156A', 'BAO LONG TOM KHO TAU', '', '', '1', 'CTNS', '37.00', 'per', 'CTNS', '0.000', '37.00']
['', '', '144 BOX', '*6/7/2020', '', '29.09', 'CTNS', '', '', '', '0.000', '29.09']
['', '', '', '', '', '', '', '', '', '', '', '7.91', '21.4']
['110', 'BR131', 'QUOC VIET PHO BO', '', '*L*', '1', 'CTNS', '84.00', 'per', 'CTNS', '0.000', '84.00']
['', '', '3 LBS X', '6 JARS', '#07', '75.60', 'CTNS', '', '', '', '0.000', '75.60']
['', '', '', '', '', '', '', '', '', '', '', '8.40', '10.0']
['', '', '', '', '', '', '', '', '', '', '', '', '', '5.05', '11.5']
['260', 'CP100', 'COMP. RED BEAN PASTE', '', '', '', '', '1', 'CTNS', '44.00', 'per', 'CTNS', '0.000', '44.00']
['', '', '', '', '', '', '', '', '', '', '', '', '', '7.76', '22.2']
['210', 'CF198', 'AROY-D PINEAPPLE SLICE', '', '', '', '', '1', 'CTNS', '35.00', 'per', 'CTNS', '0.000', '35.00']
['', '', '', '', '', '', '', '', '', '', '', '', '', '10.10', '48.1']
['190', 'BC101', 'LAL YOUNG BABY CORN', '', '', '18PC', '', '1', 'CTNS', '21.00', 'per', 'CTNS', '0.000', '21.00']
['', '', '', '', '', '', '', '', '', '', '', '', '', '10.20', '10.0']
['160', 'BR120', 'QUOC VIET PHO BO', '', '', '*S*', '', '1', 'CTNS', '102.00', 'per', 'CTNS', '0.000', '102.00']
['', '', '', '', '', '', '', '', '', '', '', '', '', '10.20', '10.0']
['130', 'BR130', 'QUOC VIET LAU THAI LAN', '', '', '', '', '1', 'CTNS', '102.00', 'per CTNS', '', '0.000', '102.00']
['Invoice', '#:', '769345', 'Invoice date:', '09/25/18', 'Customer: KIM', 'KIM NHUNG SUPERSTORE WEST', '', 'Sales rep:', '16']
['170', 'HM106', "LADY'S CHOICE SANDWICH", '', '', '', '*L', '1', 'CTNS', '37.00', 'per', 'CTNS', '0.000', '37.00']
['', '', '470 ML X', '12', '', 'SPREAD', '', '33.50', 'CTNS', '', '', '', '0.000', '33.50']
['', '', '', '', '', '', '', '', '', '', '', '', '', '3.50', '9.5']
['190', 'BC101', 'LAL YOUNG BABY CORN', '', '', '18PC', '', '1', 'CTNS', '21.00', 'per', 'CTNS', '0.000', '21.00']
['', '', '15 OZ X', '24 CANS', '', '10+1', '', '10.90', 'CTNS', '', '', '', '0.000', '10.90']
['', '', '', '', '', '', '', '', '', '', '', '', '', '10.10', '48.1']
['200', 'BS121', 'AROY-D BBS TIP (S)', '', '', '19oz', '', '1', 'CTNS', '25.00', 'per', 'CTNS', '0.000', '25.00']
['', '', '19OZ X', '24 CAN', '', '', '', '20.00', 'CTNS', '', '', '', '0.000', '20.00']
['', '', '', '', '', '', '', '', '', '', '', '', '', '5.00', '20.0']
['210', 'CF198', 'AROY-D PINEAPPLE SLICE', '', '', '', '', '1', 'CTNS', '35.00', 'per', 'CTNS', '0.000', '35.00']
['', '', '20OZ X', '24 CAN', '', '', '', '27.24', 'CTNS', '', '', '', '0.000', '27.24']
['', '', '', '', '', '', '', '', '', '', '', '', '', '7.76', '22.2']
['230', 'CF140', 'LAL PINEAPPLE SLICE', '', '', '', '', '1', 'CTNS', '20.00', 'per', 'CTNS', '0.000', '20.00']
['', '', '20 OZ. X', '24 CAN', '', '', '', '19.51', 'CTNS', '', '', '', '0.000', '19.51']
['', '', '', '', '', '', '', '', '', '', '', '', '', '0.49', '2.5']
['260', 'CP100', 'COMP. RED BEAN PASTE', '', '', '', '', '1', 'CTNS', '44.00', 'per', 'CTNS', '0.000', '44.00']
['', '', '18 OZ X', '24', '#10185', '', '[G35]', '38.95', 'CTNS', '', '', '', '0.000', '38.95']
['', '', '', '', '', '', '', '', '', '', '', '', '', '5.05', '11.5']
['270', 'KS218', 'SK TOM RANG MUOI spice', '', '', '', '', '1', 'CTNS', '37.50', 'per', 'CTNS', '0.000', '37.50']
['', '', '3z/50B salt shrimp', '', '', '', '[G12b]', '33.75', 'CTNS', '', '', '', '0.000', '33.75']
['', '', '', '', '', '', '', '', '', '', '', '', '', '3.75', '10.0']
['', '', '', '', '', '', '', '', '', '', '', '14.00', '17.5']
['480', 'UT131', 'KIWI KNIFE', '#501', '**', '8', 'BOX', '10.00', 'per', 'BOX', '0.000', '80.00']
['', '', '', '', '', '', '', '', '', '', '', '5.70', '43.8']
['460', 'UT509', 'ROCKET SPOON APOLO', '', '', '1', 'BOX', '13.00', 'per', 'BOX', '0.000', '13.00']
['', '', '', '', '', '', '', '', '', '', '', '19.50', '30.0']
['430', 'UT170', 'LAL VIETNAM BROOMS', '', '', '1', 'CTNS', '65.00', 'per', 'CTNS', '0.000', '65.00']
['', '', '', '', '', '', '', '', '', '', '', '4.00', '12.1']
['320', 'VG121', 'COMP. CURRY CHAI POW YU', '', '', '1', 'CTNS', '33.00', 'per', 'CTNS', '0.000', '33.00']
['', '', '', '', '', '', '', '', '', '', '', '3.00', '10.0']
['290', 'DD104', 'KTT GV BO KHO', '*STEW SPICE', '', '1', 'CTNS', '30.00', 'per CTNS', '', '0.000', '30.00']
['Invoice', '#:', '769345', 'Invoice date:', '09/25/18', 'Customer: KIM', 'KIM NHUNG SUPERSTORE WEST', '', 'Sales rep:', '16']
['350', 'PW621A', 'THUAN P SUONG SAO', '', '*BLACK*', '1', 'CTNS', '80.00', 'per', 'CTNS', '0.000', '80.00']
['', '', '50 G X', '100 BG GRASS JELLY', '', '58.50', 'CTNS', '', '', '', '0.000', '58.50']
['', '', '', '', '', '', '', '', '', '', '', '21.50', '26.9']
['430', 'UT170', 'LAL VIETNAM BROOMS', '', '', '1', 'CTNS', '65.00', 'per', 'CTNS', '0.000', '65.00']
['', '', '50 PCS', '', '', '45.50', 'CTNS', '', '', '', '0.000', '45.50']
['', '', '', '', '', '', '', '', '', '', '', '19.50', '30.0']
['440', 'TP100A', 'LAL BAMBOO TOOTHPICK', '', '', '8', 'PACK', '7.00', 'per', 'PACK', '0.000', '56.00']
['', '', '12 PCS/PACK', '*TAM TRE*', '', '4.37', 'PACK', '', '', '', '0.000', '34.96']
['', '', '', '', '', '', '', '', '', '', '', '21.04', '37.6']
['460', 'UT509', 'ROCKET SPOON APOLO', '', '', '1', 'BOX', '13.00', 'per', 'BOX', '0.000', '13.00']
['', '', 'BOX', '(12 PCS/12 small BOX)', '', '7.30', 'BOX', '', '', '', '0.000', '7.30']
['', '', '', '', '', '', '', '', '', '', '', '5.70', '43.8']
['470', 'UT512', '', 'STAINLESS SHORT COFFEE', '', '2', 'BOX', '3.50', 'per', 'BOX', '0.000', '7.00']
['', '', '2 DOZ/BOX', '', 'SPOON SLDO002', '2.54', 'BOX', '', '', '', '0.000', '5.08']
['', '', '', '', '', '', '', '', '', '', '', '1.92', '27.4']
['480', 'UT131', 'KIWI KNIFE', '#501', '**', '8', 'BOX', '10.00', 'per', 'BOX', '0.000', '80.00']
['', '', 'BOX X', '12 PCS', '', '8.25', 'BOX', '', '', '', '0.000', '66.00']
['', '', '', '', '', '', '', '', '', '', '', '14.00', '17.5']
['500', 'UT133A', 'KIWI KNIFE', '#22', '*', '5', 'CTN', '37.00', 'per', 'CTN', '0.000', '185.00']
['', '', 'BOX X', '12 PCS', '', '26.60', 'CTN', '', '', '', '0.000', '133.00']
['', '', '', '', '', '', '', '', '', '', '', '52.00', '28.1']
['', '', '', '', '', '', '', '', '', '', '', '', '6.00', '20.0']
['650', 'BM102', 'B.WHEAT NOODLE (LONG)', '', '', '', '1', 'CTNS', '30.00', 'per', 'CTNS', '0.000', '30.00']
['', '', '', '', '', '', '', '', '', '', '', '', '8.11', '29.0']
['610', 'NO105D', 'SAFOCO EGG NOODLE THICK', '', '', '', '1', 'CTNS', '28.00', 'per', 'CTNS', '0.000', '28.00']
['', '', '', '', '', '', '', '', '', '', '', '', '3.40', '20.0']
['590', 'NO106M', 'SAFOCO CAO CAP NUI', '', '*K*', '', '1', 'CTNS', '17.00', 'per', 'CTNS', '0.000', '17.00']
['', '', '', '', '', '', '', '', '', '', '', '', '7.00', '10.0']
['550', 'NO140A', 'WANG STARCH NOODLE', '', '*2LB*', '', '2', 'CTNS', '35.00', 'per', 'CTNS', '0.000', '70.00']
['', '', '', '', '', '', '', '', '', '', '', '', '1.32', '8.8']
['520', 'RS106', 'BUN GAO BINH TAY', '', '*VN*', '', '1', 'CTNS', '15.00', 'per CTNS', '', '0.000', '15.00']
['Invoice', '#:', '769345', 'Invoice date:', '09/25/18', 'Customer: KIM', 'KIM NHUNG SUPERSTORE WEST', '', 'Sales rep:', '16']
['580', 'NO106I', 'SAFOCO CAO CAP NUI', '', '*L*', '', '1', 'CTNS', '17.00', 'per', 'CTNS', '0.000', '17.00']
['', '', '400GR/12', '*RED*', '*TUBE*', '', '13.88', 'CTNS', '', '', '', '0.000', '13.88']
['', '', '', '', '', '', '', '', '', '', '', '', '3.12', '18.4']
['590', 'NO106M', 'SAFOCO CAO CAP NUI', '', '*K*', '', '1', 'CTNS', '17.00', 'per', 'CTNS', '0.000', '17.00']
['', '', '500 G X', '10 BAGS', '*orange*', '', '13.60', 'CTNS', '', '', '', '0.000', '13.60']
['', '', '', '', '', '', '', '', '', '', '', '', '3.40', '20.0']
['600', 'NO100', 'NG FUNG RICE MACARONI', '', '', '', '1', 'CTNS', '29.00', 'per', 'CTNS', '0.000', '29.00']
['', '', '16 OZ X', '20 BAG', '', '', '26.00', 'CTNS', '', '', '', '0.000', '26.00']
['', '', '', '', '', '', '', '', '', '', '', '', '3.00', '10.3']
['610', 'NO105D', 'SAFOCO EGG NOODLE THICK', '', '', '', '1', 'CTNS', '28.00', 'per', 'CTNS', '0.000', '28.00']
['', '', '500g X', '20 PK', 'STRING', '*Lsa', '19.89', 'CTNS', '', '', '', '0.000', '19.89']
['', '', '', '', '', '', '', '', '', '', '', '', '8.11', '29.0']
['630', 'BM008', 'B.SWEET CURRY POWDER', '', '', '', '1', 'CTNS', '110.00', 'per', 'CTNS', '0.000', '110.00']
['', '', '.28 OZ/20/50 (MA ZA LA)', '', '', '', '90.00', 'CTNS', '', '', '', '0.000', '90.00']
['', '', '', '', '', '', '', '', '', '', '', '', '20.00', '18.2']
['650', 'BM102', 'B.WHEAT NOODLE (LONG)', '', '', '', '1', 'CTNS', '30.00', 'per', 'CTNS', '0.000', '30.00']
['', '', '11.28 OZ X', '', '36 peacock', '', '24.00', 'CTNS', '', '', '', '0.000', '24.00']
['', '', '', '', '', '', '', '', '', '', '', '', '6.00', '20.0']
['730', 'COF102E', 'KING COFFEE', '', '3in1', '88 STICK', '2', 'CTNS', '46.00', 'per', 'CTNS', '0.000', '92.00']
['', '', '49.7 OZ X', '', '5 BAG', '10+3', '31.44', 'CTNS', '', '', '', '0.000', '62.88']
['', '', '', '', '', '', '', '', '', '', '', '', '29.12', '31.7']
['', '', '', '', '', '', '', '', '', '', '', '3.50', '9.2']
['940', 'CA119', 'MORINAGA', '*BAG* ASSORTED', '', '5', 'CASE', '7.60', 'per', 'CASE', '0.000', '38.00']
['', '', '', '', '', '', '', '', '', '', '', '5.50', '10.6']
['910', 'NT180D', 'NAGARAYA PEANUT ADOBO', '', '', '1', 'CTNS', '52.00', 'per', 'CTNS', '0.000', '52.00']
['', '', '', '', '', '', '', '', '', '', '', '3.50', '8.1']
['890', 'PW130', 'OVALTINE', '14 oz', '', '1', 'CTNS', '43.00', 'per', 'CTNS', '0.000', '43.00']
['', '', '', '', '', '', '', '', '', '', '', '15.25', '24.6']
['860', 'COF107BBB', 'NESCAFE VIET', '2n1', '*DEN BAG', '1', 'CTNS', '62.00', 'per', 'CTNS', '0.000', '62.00']
['', '', '', '', '', '', '', '', '', '', '', '5.00', '10.6']
['830', 'PW506', 'GC CA PHE SUA DA', '', '**', '1', 'CTNS', '47.00', 'per CTNS', '', '0.000', '47.00']
['Invoice', '#:', '769345', 'Invoice date:', '09/25/18', 'Customer: KIM', 'KIM NHUNG SUPERSTORE WEST', '', 'Sales rep:', '16']
['870', 'COF107B', 'NESCAFE VIET', '2n1', '*DEN BOX', '1', 'CTNS', '58.00', 'per', 'CTNS', '0.000', '58.00']
['', '', '240G/24', '10+2', 'EXP:4/10/19', '37.28', 'CTNS', '', '', '', '0.000', '37.28']
['', '', '', '', '', '', '', '', '', '', '', '20.72', '35.7']
['890', 'PW130', 'OVALTINE', '14 oz', '', '1', 'CTNS', '43.00', 'per', 'CTNS', '0.000', '43.00']
['', '', '14 OZ X', '12 BT', '[D25]', '39.50', 'CTNS', '', '', '', '0.000', '39.50']
['', '', '', '', '', '', '', '', '', '', '', '3.50', '8.1']
['900', 'NT180C', 'NAGARAYA PEANUT HOT/SPICY', '', '', '1', 'CTNS', '52.00', 'per', 'CTNS', '0.000', '52.00']
['', '', '5.6 OZ X', '48 BAGS', '[H27b]', '46.80', 'CTNS', '', '', '', '0.000', '46.80']
['', '', '', '', '', '', '', '', '', '', '', '5.20', '10.0']
['910', 'NT180D', 'NAGARAYA PEANUT ADOBO', '', '', '1', 'CTNS', '52.00', 'per', 'CTNS', '0.000', '52.00']
['', '', '5.6 OZ X', '48 BAGS', '[H27b]', '46.50', 'CTNS', '', '', '', '0.000', '46.50']
['', '', '', '', '', '', '', '', '', '', '', '5.50', '10.6']
['930', 'NT181', 'KOH-KAE PEANUTS COCONUT', '', '', '1', 'CTNS', '47.00', 'per', 'CTNS', '0.000', '47.00']
['', '', '265GR/24', '*L* CREAM', '[H29b]', '42.00', 'CTNS', '', '', '', '0.000', '42.00']
['', '', '', '', '', '', '', '', '', '', '', '5.00', '10.6']
['940', 'CA119', 'MORINAGA', '*BAG* ASSORTED', '', '5', 'CASE', '7.60', 'per', 'CASE', '0.000', '38.00']
['', '', '3.52 OZ X', '6 BAGS X', '1 BOX', '6.90', 'CASE', '', '', '', '0.000', '34.50']
['', '', '', '', '', '', '', '', '', '', '', '3.50', '9.2']
['950', 'CA119B', 'MORINAGA', '*BAG* TROPICAL', '', '5', 'CTNS', '7.60', 'per', 'CTNS', '0.000', '38.00']
['', '', '3.52 OZ X', '6 BAGS X', '1 BOX', '6.90', 'CTNS', '', '', '', '0.000', '34.50']
['', '', '', '', '', '', '', '', '', '', '', '3.50', '9.2']
['', '', '', '', '', '', '', '', '', '', '', '', '2.50', '10.6']
['90', 'CO112', 'ANGEL WAFERS', '', '', '', '1', 'CTNS', '23.50', 'per', 'CTNS', '0.000', '23.50']
['', '', '', '', '', '', '', '', '', '', '', '', '4.50', '8.8']
['70', 'CO290A', 'NICE CHOICE GREEN TEA', '', '', '', '1', 'CTNS', '51.00', 'per', 'CTNS', '0.000', '51.00']
['', '', '', '', '', '', '', '', '', '', '', '', '6.00', '10.0']
['30', 'CA224A', 'KOPIKO CAPUCINO CANDY (J)', '', '', '', '2', 'CTNS', '30.00', 'per', 'CTNS', '0.000', '60.00']
['', '', '', '', '', '', '', '', '', '', '', '', '6.00', '10.0']
['10', 'CO165', "LET'S PARTY ASSORTIE", '', '', '*', '2', 'CTNS', '30.00', 'per', 'CTNS', '0.000', '60.00']
['', '', '', '', '', '', '', '', '', '', '', '', '3.50', '9.2']
['970', 'CA119A', 'MORINAGA', '', '*BAG* STRAWBERRY', '', '5', 'CTNS', '7.60', 'per CTNS', '', '0.000', '38.00']
['Invoice', '#:', '769345', 'Invoice date:', '09/25/18', 'Customer: KIM', 'KIM NHUNG SUPERSTORE WEST', '', 'Sales rep:', '16']
['20', 'CA222', 'KOPIKO COFFEE CANDY (J)', '', '', '', '2', 'CTNS', '30.00', 'per', 'CTNS', '0.000', '60.00']
['', '', '28.2 OZ. X', '', '6 JARS', '', '27.00', 'CTNS', '', '', '', '0.000', '54.00']
['', '', '', '', '', '', '', '', '', '', '', '', '6.00', '10.0']
['30', 'CA224A', 'KOPIKO CAPUCINO CANDY (J)', '', '', '', '2', 'CTNS', '30.00', 'per', 'CTNS', '0.000', '60.00']
['', '', '28 OZ X', '', '6 JAR', '', '27.00', 'CTNS', '', '', '', '0.000', '54.00']
['', '', '', '', '', '', '', '', '', '', '', '', '6.00', '10.0']
['60', 'CO290', 'NICE CHOICE PINEAPLE CAKE', '', '', '', '1', 'CTNS', '48.00', 'per', 'CTNS', '0.000', '48.00']
['', '', '8 OZ X', '30 BOX', '', '', '44.00', 'CTNS', '', '', '', '0.000', '44.00']
['', '', '', '', '', '', '', '', '', '', '', '', '4.00', '8.3']
['70', 'CO290A', 'NICE CHOICE GREEN TEA', '', '', '', '1', 'CTNS', '51.00', 'per', 'CTNS', '0.000', '51.00']
['', '', '8 OZ X', '48 BOX', '', 'CAKE', '46.50', 'CTNS', '', '', '', '0.000', '46.50']
['', '', '', '', '', '', '', '', '', '', '', '', '4.50', '8.8']
['80', 'CO140', "AMAY'S ALMOND COOKIES", '', '', '', '1', 'CTNS', '34.00', 'per', 'CTNS', '0.000', '34.00']
['', '', '13OZ/16/24 TRAY PACK[I46]', '', '', '', '29.65', 'CTNS', '', '', '', '0.000', '29.65']
['', '', '', '', '', '', '', '', '', '', '', '', '4.35', '12.8']
['90', 'CO112', 'ANGEL WAFERS', '', '', '', '1', 'CTNS', '23.50', 'per', 'CTNS', '0.000', '23.50']
['', '', '3.7 OZ. X', '', '24 BOXES', '', '21.00', 'CTNS', '', '', '', '0.000', '21.00']
['', '', '', '', '', '', '', '', '', '', '', '', '2.50', '10.6']
['120', 'SW101', 'CRISPY SEAWEED ORIGINAL', '', '', '', '1', 'CTNS', '52.00', 'per', 'CTNS', '0.000', '52.00']
['', '', '48 X', '40 G', '*GREEN*', '', '45.00', 'CTNS', '', '', '', '0.000', '45.00']
['', '', '', '', '', '', '', '', '', '', '', '', '7.00', '13.5']
['', '', '', '', '', '', '', '', '', '', '', '', '92.40', '16.7']
['250', 'PR200', 'JACKFRUIT-FRESH', '', '', '', '924', 'LBS', '0.60', 'per', 'LBS', '0.000', '554.40']
['', '', '', '', '', '', '', '', '', '', '', '', '240.00', '22.9']
['230', 'PR310', 'DRAGONFRUIT', '', '- WHITE', '*AIR*', '30', 'CTNS', '35.00', 'per', 'CTNS', '0.000', '1050.00']
['', '', '', '', '', '', '', '', '', '', '', '', '40.00', '12.5']
['210', 'PR110', 'BANANA-THAI', '', '', '', '20', 'CTNS', '16.00', 'per', 'CTNS', '0.000', '320.00']
['', '', '', '', '', '', '', '', '', '', '', '', '1.70', '10.6']
['170', 'FD153D', '', 'CHIN-C GREEN TEA p.f.', '', '', '1', 'CTNS', '16.00', 'per', 'CTNS', '0.000', '16.00']
['', '', '', '', '', '', '', '', '', '', '', '', '4.00', '10.0']
['140', 'CO116A', '', 'CRISPY ROLLS PANDAN FLV.', '', '', '1', 'CTNS', '40.00', 'per CTNS', '', '0.000', '40.00']
['Invoice', '#:', '769345', 'Invoice date:', '09/25/18', 'Customer: KIM', 'KIM NHUNG SUPERSTORE WEST', '', 'Sales rep:', '16']
['180', 'FD154', 'FOCO SOURSOP JUICE', '', '', '', '10', 'CTN', '17.00', 'per', 'CTN', '0.000', '170.00']
['', '', '11.8 OZ X', '', '24 CAN E16 CRV2', '', '14.08', 'CTN', '', '', '', '0.000', '140.80']
['', '', '', '', '', '', '', '', '', '', '', '', '29.20', '17.2']
['210', 'PR110', 'BANANA-THAI', '', '', '', '20', 'CTNS', '16.00', 'per', 'CTNS', '0.000', '320.00']
['', '', '35.2 LBS/CASE', '', '', '', '14.00', 'CTNS', '', '', '', '0.000', '280.00']
['', '', '', '', '', '', '', '', '', '', '', '', '40.00', '12.5']
['220', 'PR320', 'MANGOSTEEN-THAI', '', '', '*AIR*', '8', 'CTNS', '78.00', 'per', 'CTNS', '0.000', '624.00']
['', '', '15.4 LBS', '', '', '', '0.00', 'CTNS', '', '', '', '0.000', '0.00']
['', '', '', '', '', '', '', '', '', '', '', '', '624.00', '100.0']
['230', 'PR310', 'DRAGONFRUIT', '', '- WHITE', '*AIR*', '30', 'CTNS', '35.00', 'per', 'CTNS', '0.000', '1050.00']
['', '', '10 LBS vietnam', '', '', '', '27.00', 'CTNS', '', '', '', '0.000', '810.00']
['', '', '', '', '', '', '', '', '', '', '', '', '240.00', '22.9']
['240', 'PR100', 'BEST FRESH COCONUT', '', '', '', '50', 'CTNS', '11.00', 'per', 'CTNS', '0.000', '550.00']
['', '', '9 COUNT', '', '*THAILAND*', '', '10.00', 'CTNS', '', '', '', '0.000', '500.00']
['', '', '', '', '', '', '', '', '', '', '', '', '50.00', '9.1']
['250', 'PR200', 'JACKFRUIT-FRESH', '', '', '', '924', 'LBS', '0.60', 'per', 'LBS', '0.000', '554.40']
['', '', '1/2 PALLET', '', '', '', '0.50', 'LBS', '', '', '', '0.000', '462.00']
['', '', '', '', '', '', '', '', '', '', '', '', '92.40', '16.7']
['260', 'DK106', 'AM DANISH STICK', '', '', '', '3', 'PCS', '1.90', 'per', 'PCS', '0.000', '5.70']
['', '', 'EACH', '', '', '', '1.65', 'PCS', '', '', '', '0.000', '4.95']
['', '', '', '', '', '', '', '', '', '', '', '', '0.75', '13.2']
['', '', '', '', '', '', '', '', '', '', '2.25', '11.1']
['360', 'DK109', '', 'AM FRENCH CUSTARD BUN', '15', 'PCS', '1.35', 'per', 'PCS', '0.000', '20.25']
['', '', '', '', '', '', '', '', '', '', '6.05', '12.8']
['340', 'DK105', '', 'AM BUTTER BREAD', '22', 'PCS', '2.15', 'per', 'PCS', '0.000', '47.30']
['', '', '', '', '', '', '', '', '', '', '0.45', '11.1']
['320', 'DK117', '', 'AM LOTUS BUN', '3', 'PCS', '1.35', 'per', 'PCS', '0.000', '4.05']
['', '', '', '', '', '', '', '', '', '', '3.30', '11.1']
['300', 'DK114', '', 'AM TARO BUN', '22', 'PCS', '1.35', 'per', 'PCS', '0.000', '29.70']
['', '', '', '', '', '', '', '', '', '', '0.42', '10.8']
['280', 'DK103', '', 'AM COCKTAIL BUN', '3', 'PCS', '1.30', 'per PCS', '', '0.000', '3.90']
['Invoice', '#:', '769345', 'Invoice date:', '09/25/18', 'Customer: KIM', 'KIM NHUNG SUPERSTORE WEST', '', 'Sales rep:', '16']
['310', 'DK102', '', 'AM CUSTARD BUN', '20', 'PCS', '1.45', 'per', 'PCS', '0.000', '29.00']
['', '', '', '5 OZ EACH', '1.27', 'PCS', '', '', '', '0.000', '25.40']
['', '', '', '', '', '', '', '', '', '', '3.60', '12.4']
['320', 'DK117', '', 'AM LOTUS BUN', '3', 'PCS', '1.35', 'per', 'PCS', '0.000', '4.05']
['', '', '', '4.5 OZ EACH', '1.20', 'PCS', '', '', '', '0.000', '3.60']
['', '', '', '', '', '', '', '', '', '', '0.45', '11.1']
['330', 'DK104', '', 'AM DINNER ROLL', '20', 'PCS', '1.55', 'per', 'PCS', '0.000', '31.00']
['', '', '', '10 OZ EACH', '1.38', 'PCS', '', '', '', '0.000', '27.60']
['', '', '', '', '', '', '', '', '', '', '3.40', '11.0']
['340', 'DK105', '', 'AM BUTTER BREAD', '22', 'PCS', '2.15', 'per', 'PCS', '0.000', '47.30']
['', '', '', '12 OZ EACH', '1.875', 'PCS', '', '', '', '0.000', '41.25']
['', '', '', '', '', '', '', '', '', '', '6.05', '12.8']
['350', 'DK108', '', 'AM GOLDEN MILKY BUN', '15', 'PCS', '1.35', 'per', 'PCS', '0.000', '20.25']
['', '', '', '4.5 OZ EACH', '1.20', 'PCS', '', '', '', '0.000', '18.00']
['', '', '', '', '', '', '', '', '', '', '2.25', '11.1']
['360', 'DK109', '', 'AM FRENCH CUSTARD BUN', '15', 'PCS', '1.35', 'per', 'PCS', '0.000', '20.25']
['', '', '', '4 OZ EACH', '1.20', 'PCS', '', '', '', '0.000', '18.00']
['', '', '', '', '', '', '', '', '', '', '2.25', '11.1']
['370', 'DK112', '', 'AM COCONUT ROLL MED', '5', 'PCS', '4.00', 'per', 'PCS', '0.000', '20.00']
['', '', '', 'EACH', '3.56', 'PCS', '', '', '', '0.000', '17.80']
['', '', '', '', '', '', '', '', '', '', '2.20', '11.0']
['', '', '', '', '', '', '', '', '', '', '22.75', '23.3']
['440', 'UT818', 'PALLET', '', '', '13', 'CTNS', '7.50', 'per CTNS', '0.000', '97.50']
['', '', '', '', '', '', '', '', '', '', '150.00', '100.0']
['420', 'PC203', 'INV#', '769004 (PG.10) CBH', '', '2', 'CTNS', '75.00', 'per CTNS', '0.000', '150.00']
['', '', '', '', '', '', '', '', '', '', '17.20', '37.4']
['400', 'FR706', 'INV#', '768896 (PG.6) FR.', '', '2', 'CTNS', '23.00', 'per CTNS', '0.000', '46.00']
['Invoice', '#:', '769345', 'Invoice date:', '09/25/18', 'Customer: KIM', 'KIM NHUNG SUPERSTORE WEST', '', 'Sales rep:', '16']
['410', 'GR306', 'INV#', '768896 (PG.6) Q-', '', '1', 'CTNS', '33.00', 'per CTNS', '0.000', '33.00']
['', '', 'HUONG PORK SKIN', '*7OZ*', '', '30.00', 'CTNS', '', '', '0.000', '30.00']
['', '', '', '', '', '', '', '', '', '', '3.00', '9.1']
['420', 'PC203', 'INV#', '769004 (PG.10) CBH', '', '2', 'CTNS', '75.00', 'per CTNS', '0.000', '150.00']
['', '', 'TOM CHUA DU DU', '400 GM', '', '0.00', 'CTNS', '', '', '0.000', '0.00']
['', '', '', '', '', '', '', '', '', '', '150.00', '100.0']
['430']
['440', 'UT818', 'PALLET', '', '', '13', 'CTNS', '7.50', 'per CTNS', '0.000', '97.50']
['', '', 'EACH', '', '', '5.75', 'CTNS', '', '', '0.000', '74.75']
['', '', '', '', '', '', '', '', '', '', '22.75', '23.3']
['', '', '', '', '', '', '', '', 'Invoice totals:', '', '40746.66']
['', '', '', '', '', '', '', '', '', '', '33284.40']
['', '', '', '', '', '', '', '', '', '', '7462.26', '18.3']
['Invoice', '#:', '769346', 'Invoice date:', '', '09/26/18', 'Customer: L&H', '', 'L&H FOOD COMPANY', '', 'Sales rep:', '5']
['', '', '', '', '', '', '', '', '', '', '', 'Gross-margin', '', 'Margin-%']
['10', 'FR710B', '', 'FR. COOK UNPEEL CORN', '', '3 PC', '15', 'CTNS', '', '35.00', 'per CTNS', '0.000', '525.00']
['', '', '', '27 OZ X', '24 BAG', '*LAL FARM*', '25.68', 'CTNS', '', '', '', '0.000', '385.20']
['', '', '', '', '', '', '', '', '', '', '', '', '139.80', '26.6']
['', '', '', '', '', '', '', '', '', '', 'Invoice totals:', '', '525.00']
['', '', '', '', '', '', '', '', '', '', '', '', '385.20']
['', '', '', '', '', '', '', '', '', '', '', '', '139.80', '26.6']
['', '', '', '', '', '', '', '', '', '', '', '', '219.00-', '0.0']
['20', 'PW104B', '', 'LAL POLOKU MUSHROOM', '', '', '6', 'CTNS', '', '0.00', 'per CTNS', '0.000', '0.00']
['Invoice', '#:', '769347', 'Invoice date:', '', '09/26/18', 'Customer: LOMA', '', 'LOMA LINDA ORIENTAL MKT', '', 'Sales rep:', '7']
['', '', '', '', '', '', '', '', '', '', '', '', '555.00', '33.6']
['20', 'PW104B', '', 'LAL POLOKU MUSHROOM', '', '', '6', 'CTNS', '', '0.00', 'per CTNS', '0.000', '0.00']
['', '', '', '500 G X', '12 BAGS SEASONING', '', '36.50', 'CTNS', '', '', '', '0.000', '219.00']
['', '', '', '', '', '', '', '', '', '', '', '', '219.00-', '0.0']
['30', 'FR004', '', 'MEMORI PUFF PARATHA ORG.', '', '', '1', 'CTNS', '', '38.00', 'per CTNS', '0.000', '38.00']
['', '', '', '16.9 OZ X', '24 BAG orignal', '', '34.00', 'CTNS', '', '', '', '0.000', '34.00']
['', '', '', '', '', '', '', '', '', '', '', '', '4.00', '10.5']
['', '', '', '', '', '', '', '', '', '', 'Invoice totals:', '', '1688.00']
['', '', '', '', '', '', '', '', '', '', '', '', '1348.00']
['', '', '', '', '', '', '', '', '', '', '', '', '340.00', '20.1']
['Invoice', '#:', '769348', 'Invoice date:', '09/26/18', 'Customer: HT', '', 'H&T SEAFOOD, INC.', 'Sales rep:', '5']
['', '', '', '', '', '', 'Gross-margin', 'Margin-%']
['10', 'COF109A', 'TRUNG NGUYEN COFFE', '', '*100ST', '180', 'CTNS', '40.75', 'per CTNS', '0.000', '7335.00']
['', '', '100 X', '5', '3in1 EXPORT', '34.20', 'CTNS', '', '', '0.000', '6156.00']
['', '', '', '', '', '', '', '', '', '', '1179.00', '16.1']
['', '', '', '', '', '', '', '', 'Invoice totals:', '', '7335.00']
['', '', '', '', '', '', '', '', '', '', '6156.00']
['', '', '', '', '', '', '', '', '', '', '1179.00', '16.1']
['', '', '', '', '', '', '', '', '', '', '', '', '5.00', '9.6']
['130', 'TA124', 'E FAT TAPIOCA PEARL*BLACK', '', '', '', '1', 'CTNS', '52.00', 'per', 'CTNS', '0.000', '52.00']
['', '', '', '', '', '', '', '', '', '', '', '', '45.00', '32.1']
['100', 'CC140', 'LAL COCONUT JUICE', '', '', '10+1', '10', 'CTNS', '14.00', 'per', 'CTNS', '0.000', '140.00']
['', '', '', '', '', '', '', '', '', '', '', '', '2.00', '1.0']
['70', 'OI120', 'PEANUT OIL', '', '(3000 ML)', '', '2', 'CTNS', '103.00', 'per', 'CTNS', '0.000', '206.00']
['', '', '', '', '', '', '', '', '', '', '', '', '15.27', '19.6']
['40', 'HM110', 'FLOWER LIVER PATE', '', '', '*2.7 OZ', '3', 'CTNS', '26.00', 'per', 'CTNS', '0.000', '78.00']
['', '', '', '', '', '', '', '', '', '', '', '', '22.40', '44.8']
['20', 'FP205A', 'NP CA PHAO MAM NEM', '', '', '', '1', 'CTNS', '50.00', 'per CTNS', '', '0.000', '50.00']
['Invoice', '#:', '769349', 'Invoice date:', '09/26/18', 'Customer: AMIGO', 'ASIAN AMIGO SUPER MARKET', '', 'Sales rep:', '15']
['50', 'CF120C', '777 BRAND MACKEREL IN OIL', '', '', '', '2', 'CTNS', '50.00', 'per', 'CTNS', '0.000', '100.00']
['', '', '15 OZ X', '24', 'CN NATURAL', '', '42.50', 'CTNS', '', '', '', '0.000', '85.00']
['', '', '', '', '', '', '', '', '', '', '', '', '15.00', '15.0']
['70', 'OI120', 'PEANUT OIL', '', '(3000 ML)', '', '2', 'CTNS', '103.00', 'per', 'CTNS', '0.000', '206.00']
['', '', '3 LIT X', '6 BOTTLES', '', '[H25]', '102.00', 'CTNS', '', '', '', '0.000', '204.00']
['', '', '', '', '', '', '', '', '', '', '', '', '2.00', '1.0']
['80', 'OI123', 'PEANUT OIL', '', '(2000 ML)', '', '2', 'CTNS', '74.00', 'per', 'CTNS', '0.000', '148.00']
['', '', '2 LIT X', '6 BOTTLES', '', '[H25]', '66.00', 'CTNS', '', '', '', '0.000', '132.00']
['', '', '', '', '', '', '', '', '', '', '', '', '16.00', '10.8']
['100', 'CC140', 'LAL COCONUT JUICE', '', '', '10+1', '10', 'CTNS', '14.00', 'per', 'CTNS', '0.000', '140.00']
['', '', '14 OZ X', '24 DUA KHO THIT', '', '', '9.50', 'CTNS', '', '', '', '0.000', '95.00']
['', '', '', '', '', '', '', '', '', '', '', '', '45.00', '32.1']
['110', 'CC140', 'LAL COCONUT JUICE', '', '', '10+1', '1', 'CTNS', '0.00', 'per', 'CTNS', '0.000', '0.00']
['', '', '14 OZ X', '24 DUA KHO THIT', '', '', '9.50', 'CTNS', '', '', '', '0.000', '9.50']
['', '', '', '', '', '', '', '', '', '', '', '', '9.50-', '0.0']
['130', 'TA124', 'E FAT TAPIOCA PEARL*BLACK', '', '', '', '1', 'CTNS', '52.00', 'per', 'CTNS', '0.000', '52.00']
['', '', '2.2 LBS X', '18 BG', '', '*1607530*', '47.00', 'CTNS', '', '', '', '0.000', '47.00']
['', '', '', '', '', '', '', '', '', '', '', '', '5.00', '9.6']
['140', 'TA126', 'WUFU TAPIOCA PEARL', '', '', '*BLACK', '2', 'CTNS', '52.00', 'per', 'CTNS', '0.000', '104.00']
['', '', '6.6 LBS X', '6 BG', '', '*2607529*', '45.00', 'CTNS', '', '', '', '0.000', '90.00']
['', '', '', '', '', '', '', '', '', '', '', '', '14.00', '13.5']
['', '', '', '', '', '', '', '', '', '', '', '', '', '', '', '8.00', '10.8']
['260', 'CO280A', '', 'LAYER CAKE SBERRY', '', '', '', '', '2', 'CTNS', '', '37.00', 'per', 'CTNS', '0.000', '74.00']
['', '', '', '', '', '', '', '', '', '', '', '', '', '', '', '6.00', '10.0']
['230', 'CO169', '', 'CITY ASSORTED BISCUITS', '', '', '', '*', '2', 'CTNS', '', '30.00', 'per', 'CTNS', '0.000', '60.00']
['', '', '', '', '', '', '', '', '', '', '', '', '', '', '', '6.00', '10.0']
['210', 'CO171', '', 'LUCKY LOVE ASSORTED BISCU', '', '', '', '', '2', 'CTNS', '', '30.00', 'per', 'CTNS', '0.000', '60.00']
['', '', '', '', '', '', '', '', '', '', '', '', '', '', '', '2.50', '9.4']
['190', 'CO254', '', 'GARDEN COCONUT WAFER', '', '', '', '', '1', 'CTNS', '', '26.50', 'per', 'CTNS', '0.000', '26.50']
['', '', '', '', '', '', '', '', '', '', '', '', '', '', '', '5.00', '9.4']
['160', 'CO255B', '', 'GARDEN STRAWBERY WAFER', '', '', '', '', '2', 'CTNS', '', '26.50', 'per CTNS', '', '0.000', '53.00']
['Invoice', '#:', '769349', 'Invoice date:', '', '09/26/18', '', '', 'Customer: AMIGO', '', 'ASIAN AMIGO SUPER MARKET', '', '', '', 'Sales rep:', '15']
['200', 'CO255E', '', 'GARDEN VANILA WAFER .', '', '', '', '', '1', 'CTNS', '', '26.50', 'per', 'CTNS', '0.000', '26.50']
['', '', '', '7 OZ X', '24 BAGS', '', '', '[G35b]', '24.00', 'CTNS', '', '', '', '', '0.000', '24.00']
['', '', '', '', '', '', '', '', '', '', '', '', '', '', '', '2.50', '9.4']
['210', 'CO171', '', 'LUCKY LOVE ASSORTED BISCU', '', '', '', '', '2', 'CTNS', '', '30.00', 'per', 'CTNS', '0.000', '60.00']
['', '', '', '28.2 OZ X', '6 TIN', '', '*', '', '27.00', 'CTNS', '', '', '', '', '0.000', '54.00']
['', '', '', '', '', '', '', '', '', '', '', '', '', '', '', '6.00', '10.0']
['220', 'CO170', '', 'MAJESTIC ASSOTED BISCUI', '', '', '', '', '* 2', 'EACH', '', '30.00', 'per', 'CTNS', '0.000', '60.00']
['', '', '', '800 G X', '6 TINS', '', 'BISCUIT', '', '27.00', 'EACH', '', '', '', '', '0.000', '54.00']
['', '', '', '', '', '', '', '', '', '', '', '', '', '', '', '6.00', '10.0']
['230', 'CO169', '', 'CITY ASSORTED BISCUITS', '', '', '', '*', '2', 'CTNS', '', '30.00', 'per', 'CTNS', '0.000', '60.00']
['', '', '', '700 G X', '6 TIN', '', '', '[G32b]', '27.00', 'CTNS', '', '', '', '', '0.000', '54.00']
['', '', '', '', '', '', '', '', '', '', '', '', '', '', '', '6.00', '10.0']
['250', 'CO168A', '', 'HAPPY DAY ASSORTED', '', '', '', '*', '2', 'CTNS', '', '30.00', 'per', 'CTNS', '0.000', '60.00']
['', '', '', '700 GM X', '6 TIN', '', 'BISCUITS', '', '27.00', 'CTNS', '', '', '', '', '0.000', '54.00']
['', '', '', '', '', '', '', '', '', '', '', '', '', '', '', '6.00', '10.0']
['260', 'CO280A', '', 'LAYER CAKE SBERRY', '', '', '', '', '2', 'CTNS', '', '37.00', 'per', 'CTNS', '0.000', '74.00']
['', '', '', '36 TRAYS x', '8 PCS', '', '', '[H16b]', '33.00', 'CTNS', '', '', '', '', '0.000', '66.00']
['', '', '', '', '', '', '', '', '', '', '', '', '', '', '', '8.00', '10.8']
['270', 'CO280', '', 'LAYER CAKE PANDAN', '', '', '', '', '2', 'CTNS', '', '37.00', 'per', 'CTNS', '0.000', '74.00']
['', '', '', '36 TRAY/8 PC', '', '', '', '[H15b]', '33.00', 'CTNS', '', '', '', '', '0.000', '66.00']
['', '', '', '', '', '', '', '', '', '', '', '', '', '', '', '8.00', '10.8']
['', '', '', '', '', '', '', '', '', '', '', '', '', '', '', '17.50', '9.6']
['420', 'NO481', '', 'VIFON phu gia MIEN CUA/R', '', '', '', '', '5', 'CTNS', '', '36.50', 'per', 'CTNS', '0.000', '182.50']
['', '', '', '', '', '', '', '', '', '', '', '', '', '', '', '11.25', '9.4']
['390', 'NO240C', '', 'HAO HAO ONION SHRIMP mi', '', '', '', '', '5', 'BDL', '', '24.00', 'per', 'BDL', '0.000', '120.00']
['', '', '', '', '', '', '', '', '', '', '', '', '', '', '', '11.25', '9.4']
['370', 'NO240A', '', 'HAO HAO ONION SATE', '', '', '', '*BAG*', '5', 'BDL', '', '24.00', 'per', 'BDL', '0.000', '120.00']
['', '', '', '', '', '', '', '', '', '', '', '', '', '', '', '3.50', '10.0']
['340', 'SS161', '', 'ABC .MEDIUM SWEET SOY SCE', '', '', '', '', '1', 'CTNS', '', '35.00', 'per', 'CTNS', '0.000', '35.00']
['', '', '', '', '', '', '', '', '', '', '', '', '', '', '', '1.50', '8.6']
['310', 'SS110', '', 'LA. BO DE SOY SAUCE', '', '', '', '33.8z', '1', 'CTNS', '', '17.50', 'per CTNS', '', '0.000', '17.50']
['Invoice', '#:', '769349', 'Invoice date:', '', '09/26/18', '', '', 'Customer: AMIGO', '', 'ASIAN AMIGO SUPER MARKET', '', '', '', 'Sales rep:', '15']
['350', 'RS104A', '', 'MY THO BUN TUOI', '', '', '14oz', '', '2', 'CTNS', '', '26.00', 'per', 'CTNS', '0.000', '52.00']
['', '', '', '14 OZ X', '30 BG', '', '', '', '18.72', 'CTNS', '', '', '', '', '0.000', '37.44']
['', '', '', '', '', '', '', '', '', '', '', '', '', '', '', '14.56', '28.0']
['370', 'NO240A', '', 'HAO HAO ONION SATE', '', '', '', '*BAG*', '5', 'BDL', '', '24.00', 'per', 'BDL', '0.000', '120.00']
['', '', '', '30 BAG X', '3 BOX', '', '', '[J31]', '21.75', 'BDL', '', '', '', '', '0.000', '108.75']
['', '', '', '', '', '', '', '', '', '', '', '', '', '', '', '11.25', '9.4']
['380', 'NO240D', '', 'HAO HAO MI CHAY', '', '', '*BAG*', '', '2', 'BDL', '', '24.00', 'per', 'BDL', '0.000', '48.00']
['', '', '', '30 BAGS X', '3 BOX', '', '', '', '21.75', 'BDL', '', '', '', '', '0.000', '43.50']
['', '', '', '', '', '', '', '', '', '', '', '', '', '', '', '4.50', '9.4']
['390', 'NO240C', '', 'HAO HAO ONION SHRIMP mi', '', '', '', '', '5', 'BDL', '', '24.00', 'per', 'BDL', '0.000', '120.00']
['', '', '', '30 BAGS X', '', '3 BOX xao kho', '', '', '21.75', 'BDL', '', '', '', '', '0.000', '108.75']
['', '', '', '', '', '', '', '', '', '', '', '', '', '', '', '11.25', '9.4']
['400', 'NO243', '', 'ACECOOK MI LAU THAI TOMYU', '', '', '', '', '5', 'BDL', '', '31.00', 'per', 'BDL', '0.000', '155.00']
['', '', '', '30 BAGS X', '3 BOX', '', '', '[J11]', '27.75', 'BDL', '', '', '', '', '0.000', '138.75']
['', '', '', '', '', '', '', '', '', '', '', '', '', '', '', '16.25', '10.5']
['420', 'NO481', '', 'VIFON phu gia MIEN CUA/R', '', '', '', '', '5', 'CTNS', '', '36.50', 'per', 'CTNS', '0.000', '182.50']
['', '', '', '60 G/12 BG/6', '', '', '[J24]', '', '33.00', 'CTNS', '', '', '', '', '0.000', '165.00']
['', '', '', '', '', '', '', '', '', '', '', '', '', '', '', '17.50', '9.6']
['430', 'NO481A', '', 'VIFON phu gia MIEN GA/Y', '', '', '', '', '2', 'CTNS', '', '36.50', 'per', 'CTNS', '0.000', '73.00']
['', '', '', '60 G/12 BG/6', '', '', '[J24]', '', '33.00', 'CTNS', '', '', '', '', '0.000', '66.00']
['', '', '', '', '', '', '', '', '', '', '', '', '', '', '', '7.00', '9.6']
['', '', '', '', '', '', '', '', '', '', '', '', '', '', '', '171.00', '9.9']
['520', 'HL105', '', 'OX & PALM CORNED BEEF', '', '', '', '*M*', '20', 'CTNS', '', '86.00', 'per', 'CTNS', '0.000', '1720.00']
['', '', '', '', '', '', '', '', '', '', '', '', '', '', '', '100.10', '27.8']
['500', 'RS104', '', 'MY THO BUN TUOI DAC BIET', '', '', '', '', '10', 'CTNS', '', '36.00', 'per', 'CTNS', '0.000', '360.00']
['', '', '', '', '', '', '', '', '', '', '', '', '', '', '', '5.10', '11.5']
['480', 'NO396D', '', 'INDO MI ONION CHICKEN', '', '', '', '', '5', 'CTNS', '', '8.90', 'per', 'CTNS', '0.000', '44.50']
['', '', '', '', '', '', '', '', '', '', '', '', '', '', '', '40.00', '8.7']
['450', 'NO470', '', 'VIFON CHAO CA', '', '', '*BOWL*', '', '10', 'CTNS', '', '46.00', 'per CTNS', '', '0.000', '460.00']
['Invoice', '#:', '769349', 'Invoice date:', '', '09/26/18', '', '', 'Customer: AMIGO', '', 'ASIAN AMIGO SUPER MARKET', '', '', '', 'Sales rep:', '15']
['', '', '', '', '', '', '', '', '', '', '', '', '', '', '', '5.10', '11.5']
['490', 'SS162A', '', 'ABC .XTRA HOT CHILI SAUCE', '', '', '', '', '2', 'CTNS', '', '39.00', 'per', 'CTNS', '0.000', '78.00']
['', '', '', '11.5 OZ X', '24 BOTTLE', '', '', '', '35.50', 'CTNS', '', '', '', '', '0.000', '71.00']
['', '', '', '', '', '', '', '', '', '', '', '', '', '', '', '7.00', '9.0']
['500', 'RS104', '', 'MY THO BUN TUOI DAC BIET', '', '', '', '', '10', 'CTNS', '', '36.00', 'per', 'CTNS', '0.000', '360.00']
['', '', '', '2 LBS X', '18 BAG', '', '**10+1**', '', '25.99', 'CTNS', '', '', '', '', '0.000', '259.90']
['', '', '', '', '', '', '', '', '', '', '', '', '', '', '', '100.10', '27.8']
['510', 'RS104', '', 'MY THO BUN TUOI DAC BIET', '', '', '', '', '1', 'CTNS', '', '0.00', 'per', 'CTNS', '0.000', '0.00']
['', '', '', '2 LBS X', '18 BAG', '', '**10+1**', '', '25.99', 'CTNS', '', '', '', '', '0.000', '25.99']
['', '', '', '', '', '', '', '', '', '', '', '', '', '', '', '25.99-', '0.0']
['520', 'HL105', '', 'OX & PALM CORNED BEEF', '', '', '', '*M*', '20', 'CTNS', '', '86.00', 'per', 'CTNS', '0.000', '1720.00']
['', '', '', '11.5 OZ X', '24 CHUNKY', '', '', '', '77.45', 'CTNS', '', '', '', '', '0.000', '1549.00']
['', '', '', '', '', '', '', '', '', '', '', '', '', '', '', '171.00', '9.9']
['530', 'UT818', '', 'PALLET', '', '', '', '', '2', 'CTNS', '', '7.50', 'per', 'CTNS', '0.000', '15.00']
['', '', '', 'EACH', '', '', '', '', '5.75', 'CTNS', '', '', '', '', '0.000', '11.50']
['', '', '', '', '', '', '', '', '', '', '', '', '', '', '', '3.50', '23.3']
['', '', '', '', '', '', '', '', '', '', '', '', '', 'Invoice', 'totals:', '5381.50']
['', '', '', '', '', '', '', '', '', '', '', '', '', '', '', '4754.28']
['', '', '', '', '', '', '', '', '', '', '', '', '', '', '', '627.22', '11.7']
['', '', '', '', '', '', '', '', '', '', '', '', '', '', '35.00', '13.5']
['70', 'CO230', '', 'BANH LU PETIT BEURRE', '', '', '200G', '5', 'CTNS', '', '52.00', 'per CTNS', '', '0.000', '260.00']
['', '', '', '', '', '', '', '', '', '', '', '', '', '', '107.85', '27.7']
['50', 'NO106C', '', 'SAFOCO EGG MACARONI', '', '', '*K-SA', '15', 'CTNS', '', '26.00', 'per CTNS', '', '0.000', '390.00']
['', '', '', '', '', '', '', '', '', '', '', '', '', '', '30.00', '9.2']
['20', 'DD130', '', 'KTT BOT BANH BEO', '', '', '* A-02', '10', 'CTNS', '', '32.50', 'per CTNS', '', '0.000', '325.00']
['Invoice', '#:', '769350', 'Invoice date:', '', '09/26/18', '', 'Customer: H003', '', 'HONG KONG MARKET PLACE', '', '', '', 'Sales rep:', '5']
['', '', '', '', '', '', '', '', '', '', '', '', '', '', '78.00', '20.0']
['50', 'NO106C', '', 'SAFOCO EGG MACARONI', '', '', '*K-SA', '15', 'CTNS', '', '26.00', 'per CTNS', '', '0.000', '390.00']
['', '', '', '500 G X', '', '18 BG nuoi cong', '', '18.81', 'CTNS', '', '', '', '', '0.000', '282.15']
['', '', '', '', '', '', '', '', '', '', '', '', '', '', '107.85', '27.7']
['60', 'NO106F', '', 'SAFOCO EGG MACRONI', '', '', '*X-SA', '10', 'CTNS', '', '20.00', 'per CTNS', '', '0.000', '200.00']
['', '', '', '300GR X', '20 BAG', '', '', '13.33', 'CTNS', '', '', '', '', '0.000', '133.30']
['', '', '', '', '', '', '', '', '', '', '', '', '', '', '66.70', '33.4']
['70', 'CO230', '', 'BANH LU PETIT BEURRE', '', '', '200G', '5', 'CTNS', '', '52.00', 'per CTNS', '', '0.000', '260.00']
['', '', '', '200g X', '20', '*FRANCE*', "(20'S)", '45.00', 'CTNS', '', '', '', '', '0.000', '225.00']
['', '', '', '', '', '', '', '', '', '', '', '', '', '', '35.00', '13.5']
['80', 'UT818', '', 'PALLET', '', '', '', '1', 'CTNS', '', '7.00', 'per CTNS', '', '0.000', '7.00']
['', '', '', 'EACH', '', '', '', '5.75', 'CTNS', '', '', '', '', '0.000', '5.75']
['', '', '', '', '', '', '', '', '', '', '', '', '', '', '1.25', '17.9']
['', '', '', '', '', '', '', '', '', '', '', '', 'Invoice totals:', '', '1872.00']
['', '', '', '', '', '', '', '', '', '', '', '', '', '', '1523.20']
['', '', '', '', '', '', '', '', '', '', '', '', '', '', '348.80', '18.6']
['', '', '', '', '', '', '', '', '', '', '', '', '', '', '15.00', '9.8']
['140', 'NO160', '', 'EXCELLENT NOODLE', '', '', '*16 OZ*', '3', 'EACH', '', '51.00', 'per', 'CTNS', '0.000', '153.00']
['', '', '', '', '', '', '', '', '', '', '', '', '', '', '10.00', '9.5']
['110', 'CI101', '', 'SAMBAL OELEK GR CHILI', '', '', '*S*', '5', 'CTNS', '', '21.00', 'per', 'CTNS', '0.000', '105.00']
['', '', '', '', '', '', '', '', '', '', '', '', '', '', '11.10', '11.9']
['80', 'PW115', '', 'VANILLA SUGAR', '', '', '', '3', 'CTNS', '', '31.00', 'per', 'CTNS', '0.000', '93.00']
['', '', '', '', '', '', '', '', '', '', '', '', '', '', '15.00', '10.0']
['60', 'DD103', '', 'KTT GV BUN BO HUE', '', '', '*SPICY', '5', 'CTNS', '', '30.00', 'per', 'CTNS', '0.000', '150.00']
['', '', '', '', '', '', '', '', '', '', '', '', '', '', '14.40', '11.4']
['20', 'FD148', '', 'CHIN-C PEACH JUICE DRINK', '', '', '', '9', 'CTNS', '', '14.00', 'per CTNS', '', '0.000', '126.00']
['Invoice', '#:', '769351', 'Invoice date:', '', '09/26/18', '', 'Customer: J003', '', 'J & P TRADING,INC', '', '', '', 'Sales rep:', '5']
['70', 'BR101', '', 'LAL CHICKEN BROTH', '', '', '', '1', 'CTNS', '', '21.00', 'per', 'CTNS', '0.000', '21.00']
['', '', '', '28 OZ X', '24 SOUP GA', '', '[A7]', '17.33', 'CTNS', '', '', '', '', '0.000', '17.33']
['', '', '', '', '', '', '', '', '', '', '', '', '', '', '3.67', '17.5']
['80', 'PW115', '', 'VANILLA SUGAR', '', '', '', '3', 'CTNS', '', '31.00', 'per', 'CTNS', '0.000', '93.00']
['', '', '', '42 package X', '', '10 bag', '', '27.30', 'CTNS', '', '', '', '', '0.000', '81.90']
['', '', '', '', '', '', '', '', '', '', '', '', '', '', '11.10', '11.9']
['90', 'KS227', '', 'SK THINH SAIGON roasted', '', '', '', '5', 'CTNS', '', '75.00', 'per', 'CTNS', '0.000', '375.00']
['', '', '', '16z/24B rice pwder', '', '', '[G10b]', '68.50', 'CTNS', '', '', '', '', '0.000', '342.50']
['', '', '', '', '', '', '', '', '', '', '', '', '', '', '32.50', '8.7']
['110', 'CI101', '', 'SAMBAL OELEK GR CHILI', '', '', '*S*', '5', 'CTNS', '', '21.00', 'per', 'CTNS', '0.000', '105.00']
['', '', '', '8 OZ X', '24 BT', '', 'PASTE', '19.00', 'CTNS', '', '', '', '', '0.000', '95.00']
['', '', '', '', '', '', '', '', '', '', '', '', '', '', '10.00', '9.5']
['130', 'BN121', '', 'WOR FUNG WHITE SESAME', '', '', '', '3', 'CTNS', '', '80.00', 'per', 'CTNS', '0.000', '240.00']
['', '', '', '7 OZ/100 BAGS', '', 'SEED', '[H9]', '70.00', 'CTNS', '', '', '', '', '0.000', '210.00']
['', '', '', '', '', '', '', '', '', '', '', '', '', '', '30.00', '12.5']
['140', 'NO160', '', 'EXCELLENT NOODLE', '', '', '*16 OZ*', '3', 'EACH', '', '51.00', 'per', 'CTNS', '0.000', '153.00']
['', '', '', '16 OZ X', '30 BAGS', '', '', '46.00', 'EACH', '', '', '', '', '0.000', '138.00']
['', '', '', '', '', '', '', '', '', '', '', '', '', '', '15.00', '9.8']
['150', 'NO320', '', 'UDON CHICKEN FLAVOR', '', '', '', '5', 'CTNS', '', '15.50', 'per', 'CTNS', '0.000', '77.50']
['', '', '', '7 OZ X', '30 BAGS', '', 'CHIKARA', '13.50', 'CTNS', '', '', '', '', '0.000', '67.50']
['', '', '', '', '', '', '', '', '', '', '', '', '', '', '10.00', '12.9']
['', '', '', '', '', '', '', '', '', '', '', '', '', '', '14.00', '9.1']
['250', 'TL100', '', 'TL BOT BANH BAO steamed', '', '', '', '4', 'CTNS', '', '38.50', 'per', 'CTNS', '0.000', '154.00']
['', '', '', '', '', '', '', '', '', '', '', '', '', '', '8.00', '11.1']
['230', 'FL181', '', 'RED LANTERN WHEAT STARCH', '', '', '', '2', 'CTNS', '', '36.00', 'per', 'CTNS', '0.000', '72.00']
['', '', '', '', '', '', '', '', '', '', '', '', '', '', '17.50', '10.9']
['210', 'DD129', '', 'KTT BOT CHIEN TOM & CHUOI', '', '', '', '5', 'CTNS', '', '32.00', 'per', 'CTNS', '0.000', '160.00']
['', '', '', '', '', '', '', '', '', '', '', '', '', '', '30.00', '9.8']
['190', 'DD132', '', 'KTT BOT BANH GIO', '', '', '* A-07', '10', 'CTNS', '', '30.50', 'per', 'CTNS', '0.000', '305.00']
['', '', '', '', '', '', '', '', '', '', '', '', '', '', '10.00', '12.9']
['170', 'NO324', '', 'UDON SHRIMP FLAVOR', '', '', '', '5', 'CTNS', '', '15.50', 'per CTNS', '', '0.000', '77.50']
['Invoice', '#:', '769351', 'Invoice date:', '', '09/26/18', '', 'Customer: J003', '', 'J & P TRADING,INC', '', '', '', 'Sales rep:', '5']
['200', 'DD124', '', 'KTT BOT BANH XEO', '', '', '* A-11', '2', 'CTNS', '', '33.50', 'per', 'CTNS', '0.000', '67.00']
['', '', '', '12OZ/50 (PREPARED FLOUR)', '', '', '', '30.00', 'CTNS', '', '', '', '', '0.000', '60.00']
['', '', '', '', '', '', '', '', '', '', '', '', '', '', '7.00', '10.4']
['210', 'DD129', '', 'KTT BOT CHIEN TOM & CHUOI', '', '', '', '5', 'CTNS', '', '32.00', 'per', 'CTNS', '0.000', '160.00']
['', '', '', '12OZ/50 TEMPURA MIX A-12', '', '', '', '28.50', 'CTNS', '', '', '', '', '0.000', '142.50']
['', '', '', '', '', '', '', '', '', '', '', '', '', '', '17.50', '10.9']
['220', 'PW162', '', 'PANKO BREAD CRUMB JAPAN', '', '', '', '2', 'CTNS', '', '35.00', 'per', 'CTNS', '0.000', '70.00']
['', '', '', '7 OZ X', '36 BAGS', '', '[H18b]', '31.32', 'CTNS', '', '', '', '', '0.000', '62.64']
['', '', '', '', '', '', '', '', '', '', '', '', '', '', '7.36', '10.5']
['230', 'FL181', '', 'RED LANTERN WHEAT STARCH', '', '', '', '2', 'CTNS', '', '36.00', 'per', 'CTNS', '0.000', '72.00']
['', '', '', '16 OZ X', '50 BAGS', '', '', '32.00', 'CTNS', '', '', '', '', '0.000', '64.00']
['', '', '', '', '', '', '', '', '', '', '', '', '', '', '8.00', '11.1']
['240', 'KS110', '', 'SK BOT BANH GIO st. pork', '', '', '', '5', 'CTNS', '', '34.50', 'per', 'CTNS', '0.000', '172.50']
['', '', '', '12 Z/45BG rice cake', '', '', '*11', '31.00', 'CTNS', '', '', '', '', '0.000', '155.00']
['', '', '', '', '', '', '', '', '', '', '', '', '', '', '17.50', '10.1']
['250', 'TL100', '', 'TL BOT BANH BAO steamed', '', '', '', '4', 'CTNS', '', '38.50', 'per', 'CTNS', '0.000', '154.00']
['', '', '', '16 OZ X', '50', 'bun', 'M1', '35.00', 'CTNS', '', '', '', '', '0.000', '140.00']
['', '', '', '', '', '', '', '', '', '', '', '', '', '', '14.00', '9.1']
['260', 'TL107', '', 'TL BOT TOM & CHUOI CHIEN', '', '', '', '5', 'CTNS', '', '31.00', 'per', 'CTNS', '0.000', '155.00']
['', '', '', '12z/50 temp bater mix M8', '', '', '', '28.00', 'CTNS', '', '', '', '', '0.000', '140.00']
['', '', '', '', '', '', '', '', '', '', '', '', '', '', '15.00', '9.7']
['', '', '', '', '', '', '', '', '', '', '', '', '7.80', '11.8']
['360', 'SA265', 'LKK SWEET & SOUR SAUCE', '', '', '', '3', 'CTNS', '22.00', 'per', 'CTNS', '0.000', '66.00']
['', '', '', '', '', '', '', '', '', '', '', '', '6.30', '10.9']
['340', 'SA146', 'LKK ORG STIR FRY SAUCE', '', '', '', '2', 'CTNS', '29.00', 'per', 'CTNS', '0.000', '58.00']
['', '', '', '', '', '', '', '', '', '', '', '', '1.70', '6.1']
['320', 'SA110', 'LKK BLACK BEAN GARLIC', '', '', '13z', '1', 'CTNS', '28.00', 'per', 'CTNS', '0.000', '28.00']
['', '', '', '', '', '', '', '', '', '', '', '', '49.30', '21.0']
['300', 'CH101A', 'MINH P JACKFRUIT CHIP', '', '', '', '5', 'CTNS', '47.00', 'per', 'CTNS', '0.000', '235.00']
['', '', '', '', '', '', '', '', '', '', '', '', '15.27', '19.6']
['280', 'HM110', 'FLOWER LIVER PATE', '', '', '*2.7 OZ', '3', 'CTNS', '26.00', 'per CTNS', '', '0.000', '78.00']
['Invoice', '#:', '769351', 'Invoice date:', '09/26/18', 'Customer: J003', 'J & P TRADING,INC', 'Sales rep:', '5']
['310', 'CH132', 'M.POLO SHRIMP CHIP BBQ', '', '', '', '5', 'CTNS', '17.50', 'per', 'CTNS', '0.000', '87.50']
['', '', '2.5 OZ X', '', '24 BAGS', '', '15.75', 'CTNS', '', '', '', '0.000', '78.75']
['', '', '', '', '', '', '', '', '', '', '', '', '8.75', '10.0']
['320', 'SA110', 'LKK BLACK BEAN GARLIC', '', '', '13z', '1', 'CTNS', '28.00', 'per', 'CTNS', '0.000', '28.00']
['', '', '13z/12 JARS', '', 'SAUCE', '[G34]', '26.30', 'CTNS', '', '', '', '0.000', '26.30']
['', '', '', '', '', '', '', '', '', '', '', '', '1.70', '6.1']
['330', 'SA121', 'LKK CHILI GARLIC SAUCE', '', '', '8', '3', 'CTNS', '23.50', 'per', 'CTNS', '0.000', '70.50']
['', '', '8 OZ X 12 BT', '', '', '[G34]', '19.45', 'CTNS', '', '', '', '0.000', '58.35']
['', '', '', '', '', '', '', '', '', '', '', '', '12.15', '17.2']
['340', 'SA146', 'LKK ORG STIR FRY SAUCE', '', '', '', '2', 'CTNS', '29.00', 'per', 'CTNS', '0.000', '58.00']
['', '', '19z/12 plastic BT8-13 G29', '', '', '', '25.85', 'CTNS', '', '', '', '0.000', '51.70']
['', '', '', '', '', '', '', '', '', '', '', '', '6.30', '10.9']
['350', 'SA153', 'LKK PEANUT FLAV. SAUCE', '', '', '', '3', 'CTNS', '21.00', 'per', 'CTNS', '0.000', '63.00']
['', '', '8 OZ X 12 BT', '', '', '[G32]', '17.75', 'CTNS', '', '', '', '0.000', '53.25']
['', '', '', '', '', '', '', '', '', '', '', '', '9.75', '15.5']
['360', 'SA265', 'LKK SWEET & SOUR SAUCE', '', '', '', '3', 'CTNS', '22.00', 'per', 'CTNS', '0.000', '66.00']
['', '', '8.5 OZ X', '', '12 JAR', '[G32]', '19.40', 'CTNS', '', '', '', '0.000', '58.20']
['', '', '', '', '', '', '', '', '', '', '', '', '7.80', '11.8']
['370', 'UT818', 'PALLET', '', '', '', '2', 'CTNS', '7.00', 'per', 'CTNS', '0.000', '14.00']
['', '', 'EACH', '', '', '', '5.75', 'CTNS', '', '', '', '0.000', '11.50']
['', '', '', '', '', '', '', '', '', '', '', '', '2.50', '17.9']
['Invoice', '#:', '769351', 'Invoice date:', '09/26/18', 'Customer: J003', 'J & P TRADING,INC', 'Sales rep:', '5']
['Seq# Item/Svc', '#', 'Description-1', 'Qty-shipped', 'Unit price', 'Lin-disc%', 'Ext-price']
['', '', 'Description-2', 'Unit cost', '', 'Ord-disc%', 'Ext-cost']
['', '', '', '', '', '', 'Gross-margin', 'Margin-%']
['', '', '', '', '', 'Invoice totals:', '4295.00']
['', '', '', '', '', '', '3779.03']
['', '', '', '', '', '', '515.97', '12.0']
['', '', '', '', '', '', '', '', '', '', '', '', '30.00', '12.9']
['100', 'NO324', 'UDON SHRIMP FLAVOR', '', '', '', '15', 'CTNS', '15.50', 'per', 'CTNS', '0.000', '232.50']
['', '', '', '', '', '', '', '', '', '', '', '', '60.00', '12.9']
['80', 'NO320', 'UDON CHICKEN FLAVOR', '', '', '', '30', 'CTNS', '15.50', 'per', 'CTNS', '0.000', '465.00']
['', '', '', '', '', '', '', '', '', '', '', '', '25.20', '10.0']
['60', 'BR131', 'QUOC VIET PHO BO', '', '*L*', '', '3', 'CTNS', '84.00', 'per', 'CTNS', '0.000', '252.00']
['', '', '', '', '', '', '', '', '', '', '', '', '2.50', '9.4']
['40', 'KS119', 'SK CA RI NI', '', '2oz (BAG)', '', '1', 'CTNS', '26.50', 'per', 'CTNS', '0.000', '26.50']
['', '', '', '', '', '', '', '', '', '', '', '', '20.00', '21.1']
['20', 'FD171', 'JELLY BROWN ORIGINAL', '', '', '', '10', 'CTNS', '9.50', 'per CTNS', '', '0.000', '95.00']
['Invoice', '#:', '769352', 'Invoice date:', '09/26/18', 'Customer: U010', 'UNITED NOODLE WHOLESALE', 'Sales rep:', '5']
['50', 'BR120', 'QUOC VIET PHO BO', '', '', '*S*', '5', 'CTNS', '102.00', 'per', 'CTNS', '0.000', '510.00']
['', '', '10 OZ X', '24 JARS', '', '#03', '91.80', 'CTNS', '', '', '', '0.000', '459.00']
['', '', '', '', '', '', '', '', '', '', '', '', '51.00', '10.0']
['60', 'BR131', 'QUOC VIET PHO BO', '', '*L*', '', '3', 'CTNS', '84.00', 'per', 'CTNS', '0.000', '252.00']
['', '', '3 LBS X', '6 JARS', '', '#07', '75.60', 'CTNS', '', '', '', '0.000', '226.80']
['', '', '', '', '', '', '', '', '', '', '', '', '25.20', '10.0']
['70', 'NO321', 'UDON BEEF FLAVOR', '', '', '', '20', 'CTNS', '15.50', 'per', 'CTNS', '0.000', '310.00']
['', '', '7 OZ X', '30 BAGS', 'CHIKARA', '', '13.50', 'CTNS', '', '', '', '0.000', '270.00']
['', '', '', '', '', '', '', '', '', '', '', '', '40.00', '12.9']
['80', 'NO320', 'UDON CHICKEN FLAVOR', '', '', '', '30', 'CTNS', '15.50', 'per', 'CTNS', '0.000', '465.00']
['', '', '7 OZ X', '30 BAGS', 'CHIKARA', '', '13.50', 'CTNS', '', '', '', '0.000', '405.00']
['', '', '', '', '', '', '', '', '', '', '', '', '60.00', '12.9']
['90', 'NO323', 'UDON ORIENTAL FLAVOR', '', '', '', '20', 'CTNS', '15.50', 'per', 'CTNS', '0.000', '310.00']
['', '', '7.25 OZ X', '', '30 BAGS CHIKARA', '', '13.50', 'CTNS', '', '', '', '0.000', '270.00']
['', '', '', '', '', '', '', '', '', '', '', '', '40.00', '12.9']
['100', 'NO324', 'UDON SHRIMP FLAVOR', '', '', '', '15', 'CTNS', '15.50', 'per', 'CTNS', '0.000', '232.50']
['', '', '7 OZ X', '30 BAGS', 'CHIKARA', '', '13.50', 'CTNS', '', '', '', '0.000', '202.50']
['', '', '', '', '', '', '', '', '', '', '', '', '30.00', '12.9']
['110', 'NO322', 'UDON MUSHROOM FLAVOR', '', '', '', '5', 'CTNS', '15.50', 'per', 'CTNS', '0.000', '77.50']
['', '', '7.25 OZ X', '', '30 BAGS CHIKARA', '', '13.50', 'CTNS', '', '', '', '0.000', '67.50']
['', '', '', '', '', '', '', '', '', '', '', '', '10.00', '12.9']
['', '', '', '', '', '', '', '', '', '', '1.25', '17.9']
['130', 'UT818', 'PALLET', '', '', '1', 'CTNS', '7.00', 'per CTNS', '0.000', '7.00']
['Invoice', '#:', '769352', 'Invoice date:', '09/26/18', 'Customer: U010', 'UNITED NOODLE WHOLESALE', 'Sales rep:', '5']
['120', 'NO325', 'UDON SPICY FLAVOR', '', '', '5', 'CTNS', '15.50', 'per CTNS', '0.000', '77.50']
['', '', '7.25 OZ X', '30 BAG', 'CHIKARA', '13.50', 'CTNS', '', '', '0.000', '67.50']
['', '', '', '', '', '', '', '', '', '', '10.00', '12.9']
['130', 'UT818', 'PALLET', '', '', '1', 'CTNS', '7.00', 'per CTNS', '0.000', '7.00']
['', '', 'EACH', '', '', '5.75', 'CTNS', '', '', '0.000', '5.75']
['', '', '', '', '', '', '', '', '', '', '1.25', '17.9']
['', '', '', '', '', '', '', '', 'Invoice totals:', '', '2525.50']
['', '', '', '', '', '', '', '', '', '', '2201.80']
['', '', '', '', '', '', '', '', '', '', '323.70', '12.8']
['', '', '', '', '', '', '', '', '', '', '', '', '', '10.00', '9.3']
['100', 'FP128', '', 'QUE HUONG MAM NEM', '', '', '**L**', '2', 'CTNS', '54.00', 'per', 'CTNS', '0.000', '108.00']
['', '', '', '', '', '', '', '', '', '', '', '', '', '9.00', '9.3']
['80', 'FP106', '', 'NP. MAM CA LOC', '', '16oz', 'MUD', '1', 'CTNS', '97.00', 'per', 'CTNS', '0.000', '97.00']
['', '', '', '', '', '', '', '', '', '', '', '', '', '10.00', '9.4']
['60', 'FP104', '', 'NP. MAM CA LOC CREAMY', '', '', '16z', '1', 'CTNS', '106.00', 'per', 'CTNS', '0.000', '106.00']
['', '', '', '', '', '', '', '', '', '', '', '', '', '6.00', '9.4']
['40', 'FP100', '', 'NP. MAM CA SAC', '', '16z thai', '', '1', 'CTNS', '64.00', 'per', 'CTNS', '0.000', '64.00']
['', '', '', '', '', '', '', '', '', '', '', '', '', '14.00', '9.3']
['20', 'FP102', '', 'NP. MAM CA SAC CREAMY', '', '', '16z', '2', 'CTNS', '75.00', 'per CTNS', '', '0.000', '150.00']
['Invoice', '#:', '769353', 'Invoice date:', '', '09/27/18', '', 'Customer: H016', '', 'HIEP THANH', '', 'Sales rep:', '5']
['50', 'FP105', '', 'NP. MAM CA LOC CREAMY', '', '', '24z', '3', 'CTNS', '93.00', 'per', 'CTNS', '0.000', '279.00']
['', '', '', '24z X', '12 BT MUD FISH thai', '', '', '84.00', 'CTNS', '', '', '', '0.000', '252.00']
['', '', '', '', '', '', '', '', '', '', '', '', '', '27.00', '9.7']
['60', 'FP104', '', 'NP. MAM CA LOC CREAMY', '', '', '16z', '1', 'CTNS', '106.00', 'per', 'CTNS', '0.000', '106.00']
['', '', '', '16z X', '24 BT MUD FISH thai', '', '', '96.00', 'CTNS', '', '', '', '0.000', '96.00']
['', '', '', '', '', '', '', '', '', '', '', '', '', '10.00', '9.4']
['70', 'FP107', '', 'NP. MAM CA LOC', '', '24oz', 'MUD', '1', 'CTNS', '80.00', 'per', 'CTNS', '0.000', '80.00']
['', '', '', '24 OZ X', '12 BT FISH) thai', '', '', '72.00', 'CTNS', '', '', '', '0.000', '72.00']
['', '', '', '', '', '', '', '', '', '', '', '', '', '8.00', '10.0']
['80', 'FP106', '', 'NP. MAM CA LOC', '', '16oz', 'MUD', '1', 'CTNS', '97.00', 'per', 'CTNS', '0.000', '97.00']
['', '', '', '16 OZ X', '24 BT FISH', '', 'thai', '88.00', 'CTNS', '', '', '', '0.000', '88.00']
['', '', '', '', '', '', '', '', '', '', '', '', '', '9.00', '9.3']
['90', 'FP127', '', 'QUE HUONG MAM NEM PHA', '', '', '*L*', '2', 'CTNS', '54.00', 'per', 'CTNS', '0.000', '108.00']
['', '', '', '12 OZ X', '24', '', '[H28]', '49.00', 'CTNS', '', '', '', '0.000', '98.00']
['', '', '', '', '', '', '', '', '', '', '', '', '', '10.00', '9.3']
['100', 'FP128', '', 'QUE HUONG MAM NEM', '', '', '**L**', '2', 'CTNS', '54.00', 'per', 'CTNS', '0.000', '108.00']
['', '', '', '12 OZ X', '24 JAR', '', '[H27]', '49.00', 'CTNS', '', '', '', '0.000', '98.00']
['', '', '', '', '', '', '', '', '', '', '', '', '', '10.00', '9.3']
['110', 'FP130', '', 'QUE HUONG MAM NEM PHA', '', '', '*S*', '1', 'CTNS', '44.00', 'per', 'CTNS', '0.000', '44.00']
['', '', '', '7 OZ X', '24 BT', '', 'PHA SAN', '40.00', 'CTNS', '', '', '', '0.000', '40.00']
['', '', '', '', '', '', '', '', '', '', '', '', '', '4.00', '9.1']
['', '', '', '', '', '', '', '', '', '', '', '', '', '42.00', '10.0']
['170', 'FR400', '', 'FR. QUAIL-JUMBO', '', '6PK', '', '10', 'CTNS', '42.00', 'per', 'CTNS', '0.000', '420.00']
['', '', '', '', '', '', '', '', '', '', '', '', '', '30.20', '8.4']
['163', 'UT611', '', 'TIGER RICE COOKER', '', '', '5.5 CUP', '4', 'EACH', '90.00', 'per', 'EACH', '0.000', '360.00']
['', '', '', '', '', '', '', '', '', '', '', '', '', '30.64', '7.7']
['161', 'UT613', '', 'TIGER RICE COOKER', '', '', '10 CUP', '4', 'EACH', '100.00', 'per', 'EACH', '0.000', '400.00']
['', '', '', '', '', '', '', '', '', '', '', '', '', '12.68', '14.4']
['150', 'PW211', '', 'S & B WASABI IN TUBE', '', '', '*L*', '4', 'PACK', '22.00', 'per', 'PACK', '0.000', '88.00']
['', '', '', '', '', '', '', '', '', '', '', '', '', '12.00', '9.5']
['130', 'RS172', '', '3 LADY BUN TUOI', '', '', '', '3', 'CTNS', '42.00', 'per CTNS', '', '0.000', '126.00']
['Invoice', '#:', '769353', 'Invoice date:', '', '09/27/18', '', 'Customer: H016', '', 'HIEP THANH', '', 'Sales rep:', '5']
['160', 'TE154', '', 'CHINA SLIM TEA', '', '*LADY SIT*', '', '3', 'CTNS', '43.00', 'per', 'CTNS', '0.000', '129.00']
['', '', '', '72 TBAGS X', '12 BOXES', '', '', '38.46', 'CTNS', '', '', '', '0.000', '115.38']
['', '', '', '', '', '', '', '', '', '', '', '', '', '13.62', '10.6']
['161', 'UT613', '', 'TIGER RICE COOKER', '', '', '10 CUP', '4', 'EACH', '100.00', 'per', 'EACH', '0.000', '400.00']
['', '', '', 'PIECE', '', '(JNP-1800)', '', '92.34', 'EACH', '', '', '', '0.000', '369.36']
['', '', '', '', '', '', '', '', '', '', '', '', '', '30.64', '7.7']
['162', 'UT612', '', 'TIGER RICE COOKER', '', '', '8 CUP', '4', 'EACH', '95.00', 'per', 'EACH', '0.000', '380.00']
['', '', '', 'PIECE', '', '(JNP-1500)', '', '87.40', 'EACH', '', '', '', '0.000', '349.60']
['', '', '', '', '', '', '', '', '', '', '', '', '', '30.40', '8.0']
['163', 'UT611', '', 'TIGER RICE COOKER', '', '', '5.5 CUP', '4', 'EACH', '90.00', 'per', 'EACH', '0.000', '360.00']
['', '', '', 'PIECE', '', '(JNP-1000)', '', '82.45', 'EACH', '', '', '', '0.000', '329.80']
['', '', '', '', '', '', '', '', '', '', '', '', '', '30.20', '8.4']
['164', 'UT610', '', 'TIGER RICE COOKER', '', '', '4 CUP', '2', 'EACH', '88.00', 'per', 'EACH', '0.000', '176.00']
['', '', '', 'PIECE', '', '(JNP-0720)', '', '80.80', 'EACH', '', '', '', '0.000', '161.60']
['', '', '', '', '', '', '', '', '', '', '', '', '', '14.40', '8.2']
['170', 'FR400', '', 'FR. QUAIL-JUMBO', '', '6PK', '', '10', 'CTNS', '42.00', 'per', 'CTNS', '0.000', '420.00']
['', '', '', '6 PK X', '6 TRAY', '#603', '', '37.80', 'CTNS', '', '', '', '0.000', '378.00']
['', '', '', '', '', '', '', '', '', '', '', '', '', '42.00', '10.0']
['190', 'FR176', '', 'OF SO HUYET COOKED', '', '', '', '2', 'CTNS', '72.00', 'per', 'CTNS', '0.000', '144.00']
['', '', '', '14oz X', '20 VN COCKLE CLAM', '', '', '51.28', 'CTNS', '', '', '', '0.000', '102.56']
['', '', '', '', '', '', '', '', '', '', '', '', '', '41.44', '28.8']
['', '', '', '', '', '', '', '', '', '', '', '', '158.00', '31.6']
['300', 'COF109A', 'TRUNG NGUYEN COFFE', '', '', '*100ST', '10', 'CTNS', '50.00', 'per', 'CTNS', '0.000', '500.00']
['', '', '', '', '', '', '', '', '', '', '', '', '6.00', '9.1']
['280', 'PM112', 'SUNNY MAID PORK SUNG', '', '', '*L*', '1', 'CTNS', '66.00', 'per', 'CTNS', '0.000', '66.00']
['', '', '', '', '', '', '', '', '', '', '', '', '6.51', '16.7']
['260', 'PW210', 'S & B WASABI IN TUBE', '', '', '*S*', '3', 'PACK', '13.00', 'per', 'PACK', '0.000', '39.00']
['', '', '', '', '', '', '', '', '', '', '', '', '15.00', '12.5']
['230', 'FR901', 'FR. THAI CORN BLACK', '', '', '', '3', 'CTNS', '40.00', 'per', 'CTNS', '0.000', '120.00']
['', '', '', '', '', '', '', '', '', '', '', '', '35.16', '30.1']
['210', 'FR116F', 'OF CA BAC MA', '2-3pcs', '', '', '2', 'CTNS', '58.50', 'per CTNS', '', '0.000', '117.00']
['Invoice', '#:', '769353', 'Invoice date:', '09/27/18', 'Customer: H016', 'HIEP THANH', 'Sales rep:', '5']
['240', 'FR109', 'BOAT CHA CA THAC LAC', '', '', '', '1', 'CTNS', '99.00', 'per', 'CTNS', '0.000', '99.00']
['', '', '13 OZ X', '30 CUP', 'DUC KY', '', '87.12', 'CTNS', '', '', '', '0.000', '87.12']
['', '', '', '', '', '', '', '', '', '', '', '', '11.88', '12.0']
['260', 'PW210', 'S & B WASABI IN TUBE', '', '', '*S*', '3', 'PACK', '13.00', 'per', 'PACK', '0.000', '39.00']
['', '', '1.5 OZ X', '10 PC', '01/AUG/19', '', '10.83', 'PACK', '', '', '', '0.000', '32.49']
['', '', '', '', '', '', '', '', '', '', '', '', '6.51', '16.7']
['270', 'PM111', 'SUNNY MAID PORK FU', '', '*S*', '', '1', 'CTNS', '73.50', 'per', 'CTNS', '0.000', '73.50']
['', '', '4 OZ X', '24 BOX', '(BLUE)', '', '66.60', 'CTNS', '', '', '', '0.000', '66.60']
['', '', '', '', '', '', '', '', '', '', '', '', '6.90', '9.4']
['280', 'PM112', 'SUNNY MAID PORK SUNG', '', '', '*L*', '1', 'CTNS', '66.00', 'per', 'CTNS', '0.000', '66.00']
['', '', '18 OZ X', '6 BT', '(RED)', '', '60.00', 'CTNS', '', '', '', '0.000', '60.00']
['', '', '', '', '', '', '', '', '', '', '', '', '6.00', '9.1']
['290', 'PM113', 'SUNNY MAID PORK FU', '', '*L*', '', '2', 'CTNS', '66.00', 'per', 'CTNS', '0.000', '132.00']
['', '', '18 OZ X', '6 BT', '(BLUE)', '', '60.00', 'CTNS', '', '', '', '0.000', '120.00']
['', '', '', '', '', '', '', '', '', '', '', '', '12.00', '9.1']
['300', 'COF109A', 'TRUNG NGUYEN COFFE', '', '', '*100ST', '10', 'CTNS', '50.00', 'per', 'CTNS', '0.000', '500.00']
['', '', '100 X', '5', '3in1 EXPORT', '10+1', '34.20', 'CTNS', '', '', '', '0.000', '342.00']
['', '', '', '', '', '', '', '', '', '', '', '', '158.00', '31.6']
['310', 'COF109A', 'TRUNG NGUYEN COFFE', '', '', '*100ST', '1', 'CTNS', '0.00', 'per', 'CTNS', '0.000', '0.00']
['', '', '100 X', '5', '3in1 EXPORT', '10+1', '34.20', 'CTNS', '', '', '', '0.000', '34.20']
['', '', '', '', '', '', '', '', '', '', '', '', '34.20-', '0.0']
['', '', '', '', '', '', '', '', '', '', '', '', '', '', '', '4.50', '8.6']
['430', 'CI100', '', '', 'SAMBAL OELEK GR CHILI', '', '', '*M*', '3', 'CTNS', '', '17.50', 'per', 'CTNS', '0.000', '52.50']
['', '', '', '', '', '', '', '', '', '', '', '', '', '', '', '4.00', '9.1']
['410', 'CI111', '', '', 'HUY FONG CHILI GARLIC', '', '', '*S*', '2', 'CTNS', '', '22.00', 'per', 'CTNS', '0.000', '44.00']
['', '', '', '', '', '', '', '', '', '', '', '', '', '', '', '39.50', '10.4']
['390', 'MS101', '', 'AJINOMOTO MSG (BAGS)', '', '', '', '', '5', 'CTNS', '', '76.00', 'per', 'CTNS', '0.000', '380.00']
['', '', '', '', '', '', '', '', '', '', '', '', '', '', '', '7.50', '12.0']
['370', 'CH121', '', 'CALBEE SHRIMP CHIPS', '', '', '', '4 OZ', '5', 'CTNS', '', '12.50', 'per', 'CTNS', '0.000', '62.50']
['', '', '', '', '', '', '', '', '', '', '', '', '', '', '', '32.00', '16.0']
['330', 'COF161', '', 'VINA', '3IN1 CAFE', '', '*20 SACH*', '', '5', 'CTNS', '', '40.00', 'per CTNS', '', '0.000', '200.00']
['Invoice', '#:', '769353', 'Invoice date:', '', '', '09/27/18', '', 'Customer: H016', '', 'HIEP THANH', '', '', 'Sales rep:', '5']
['380', 'UT700', '', '', 'RED ENVELOPE CHOPSTICK', '', '', '', '5', 'CTNS', '', '10.00', 'per', 'CTNS', '0.000', '50.00']
['', '', '', '1000 PAIR', '', '/CTNS', '', '', '8.75', 'CTNS', '', '', '', '', '0.000', '43.75']
['', '', '', '', '', '', '', '', '', '', '', '', '', '', '', '6.25', '12.5']
['390', 'MS101', '', 'AJINOMOTO MSG (BAGS)', '', '', '', '', '5', 'CTNS', '', '76.00', 'per', 'CTNS', '0.000', '380.00']
['', '', '', '16 OZ X', '', '48 BAGS', '', '[C30]', '68.10', 'CTNS', '', '', '', '', '0.000', '340.50']
['', '', '', '', '', '', '', '', '', '', '', '', '', '', '', '39.50', '10.4']
['400', 'CI110', '', '', 'HUY FONG CHILI GARLIC', '', '', '*M*', '3', 'CTNS', '', '18.50', 'per', 'CTNS', '0.000', '55.50']
['', '', '', '18 OZ X', '', '12 BT SAUCE', '', '[C7]', '17.00', 'CTNS', '', '', '', '', '0.000', '51.00']
['', '', '', '', '', '', '', '', '', '', '', '', '', '', '', '4.50', '8.1']
['410', 'CI111', '', '', 'HUY FONG CHILI GARLIC', '', '', '*S*', '2', 'CTNS', '', '22.00', 'per', 'CTNS', '0.000', '44.00']
['', '', '', '8 OZ X', '', '24 BT SAUCE', '', '[C6]', '20.00', 'CTNS', '', '', '', '', '0.000', '40.00']
['', '', '', '', '', '', '', '', '', '', '', '', '', '', '', '4.00', '9.1']
['420', 'CI112', '', '', 'HUY FONG CHILI GARLIC', '', '', '*L*', '1', 'CTNS', '', '28.50', 'per', 'CTNS', '0.000', '28.50']
['', '', '', '8.7 LBS X', '', '3 BT SAUCE', '', '[C9]', '26.00', 'CTNS', '', '', '', '', '0.000', '26.00']
['', '', '', '', '', '', '', '', '', '', '', '', '', '', '', '2.50', '8.8']
['430', 'CI100', '', '', 'SAMBAL OELEK GR CHILI', '', '', '*M*', '3', 'CTNS', '', '17.50', 'per', 'CTNS', '0.000', '52.50']
['', '', '', '18 OZ X', '', '12 BT', '', 'PASTE', '16.00', 'CTNS', '', '', '', '', '0.000', '48.00']
['', '', '', '', '', '', '', '', '', '', '', '', '', '', '', '4.50', '8.6']
['440', 'CI102', '', '', 'SAMBAL OELEK GR CHILI', '', '', '*L*', '3', 'CTNS', '', '24.50', 'per', 'CTNS', '0.000', '73.50']
['', '', '', '8.5 LB X', '', '3 BT', '', 'PASTE', '22.00', 'CTNS', '', '', '', '', '0.000', '66.00']
['', '', '', '', '', '', '', '', '', '', '', '', '', '', '', '7.50', '10.2']
['', '', '', '', '', '', '', '', '', '', '', '', '', '', '', '8.00', '11.4']
['530', 'FD103', '', 'CHIN-C MANGO DRINK', '', '', '', '', '5', 'CTNS', '', '14.00', 'per', 'CTNS', '0.000', '70.00']
['', '', '', '', '', '', '', '', '', '', '', '', '', '', '', '12.00', '10.4']
['510', 'CF290', '', '', 'CHIN-C GREEN AI-YU JELLY', '', '', '', '10', 'CTNS', '', '11.50', 'per', 'CTNS', '0.000', '115.00']
['', '', '', '', '', '', '', '', '', '', '', '', '', '', '', '5.00', '9.3']
['500', 'CD149', '', '', 'CHIN-C GRASS JELLY LYCHEE', '', '', '', '5', 'CTNS', '', '10.70', 'per', 'CTNS', '0.000', '53.50']
['', '', '', '', '', '', '', '', '', '', '', '', '', '', '', '10.00', '9.3']
['480', 'CD142', '', '', 'CHIN-C GRASS JELLY BANANA', '', '', '', '10', 'CTNS', '', '10.70', 'per', 'CTNS', '0.000', '107.00']
['', '', '', '', '', '', '', '', '', '', '', '', '', '', '', '15.00', '8.1']
['460', 'CI121', '', 'SRIRACHA CHILI SAUCE', '', '', '', '*S*', '10', 'CTNS', '', '18.50', 'per CTNS', '', '0.000', '185.00']
['Invoice', '#:', '769353', 'Invoice date:', '', '', '09/27/18', '', 'Customer: H016', '', 'HIEP THANH', '', '', 'Sales rep:', '5']
['490', 'CD148', '', '', 'CHIN-C GRASS JELLY COCONU', '', '', '', '5', 'CTNS', '', '10.70', 'per', 'CTNS', '0.000', '53.50']
['', '', '', '11 OZ/24 CAN', '', '[E6]', '', 'CRV01', '9.70', 'CTNS', '', '', '', '', '0.000', '48.50']
['', '', '', '', '', '', '', '', '', '', '', '', '', '', '', '5.00', '9.3']
['500', 'CD149', '', '', 'CHIN-C GRASS JELLY LYCHEE', '', '', '', '5', 'CTNS', '', '10.70', 'per', 'CTNS', '0.000', '53.50']
['', '', '', '11 OZ/24 CAN', '', '[E4]', '', 'CRV01', '9.70', 'CTNS', '', '', '', '', '0.000', '48.50']
['', '', '', '', '', '', '', '', '', '', '', '', '', '', '', '5.00', '9.3']
['502', 'CRV001', '', 'CRV', '/ ALUMINUM CANNED', '', '', '', '35', 'CTNS', '', '1.20', 'per', 'CTNS', '0.000', '42.00']
['', '', '', '24 CANNED X', '', '', '24 OZ under', '', '0.00', 'CTNS', '', '', '', '', '0.000', '0.00']
['', '', '', '', '', '', '', '', '', '', '', '', '', '', '', '42.00', '100.0']
['510', 'CF290', '', '', 'CHIN-C GREEN AI-YU JELLY', '', '', '', '10', 'CTNS', '', '11.50', 'per', 'CTNS', '0.000', '115.00']
['', '', '', '19 OZ X', '', '12 CANS', '', '[E9]', '10.30', 'CTNS', '', '', '', '', '0.000', '103.00']
['', '', '', '', '', '', '', '', '', '', '', '', '', '', '', '12.00', '10.4']
['520', 'CF291', '', 'CHIN-C GRASS JELLY', '', '', '', '19 OZ', '5', 'CTNS', '', '11.50', 'per', 'CTNS', '0.000', '57.50']
['', '', '', '19 OZ X', '', '12 CANS', '', '[E8]', '10.30', 'CTNS', '', '', '', '', '0.000', '51.50']
['', '', '', '', '', '', '', '', '', '', '', '', '', '', '', '6.00', '10.4']
['530', 'FD103', '', 'CHIN-C MANGO DRINK', '', '', '', '', '5', 'CTNS', '', '14.00', 'per', 'CTNS', '0.000', '70.00']
['', '', '', '', '11.8 OZ/24 CANS E7 CRV002', '', '', '', '12.40', 'CTNS', '', '', '', '', '0.000', '62.00']
['', '', '', '', '', '', '', '', '', '', '', '', '', '', '', '8.00', '11.4']
['535', 'CRV002', '', 'CRV', '/', '24 BIMETAL CANNED', '', '', '5', 'CTNS', '', '1.20', 'per', 'CTNS', '0.000', '6.00']
['', '', '', '24 CANNED X', '', '', '24 OZ under', '', '0.00', 'CTNS', '', '', '', '', '0.000', '0.00']
['', '', '', '', '', '', '', '', '', '', '', '', '', '', '', '6.00', '100.0']
['', '', '', '', '', '', '', '', '', '', '', '24.00', '9.1']
['640', 'SS193', 'SWISS MAGGIE SEASONING L', '', '', '4', 'CTNS', '66.00', 'per', 'CTNS', '0.000', '264.00']
['', '', '', '', '', '', '', '', '', '', '', '4.00', '8.7']
['620', 'NT155', 'PEELED COOKED CHESTNUT', '', '', '1', 'CTNS', '46.00', 'per', 'CTNS', '0.000', '46.00']
['', '', '', '', '', '', '', '', '', '', '', '9.00', '7.0']
['600', 'RS105C', '3 LADY BANH HOI TUOI', '', '', '3', 'CTNS', '43.00', 'per', 'CTNS', '0.000', '129.00']
['', '', '', '', '', '', '', '', '', '', '', '2.50', '9.4']
['580', 'CO255B', 'GARDEN STRAWBERY WAFER', '', '', '1', 'CTNS', '26.50', 'per', 'CTNS', '0.000', '26.50']
['', '', '', '', '', '', '', '', '', '', '', '4.00', '9.1']
['550', 'FP129', 'QUE HUONG MAM NEM', '', '**S**', '1', 'CTNS', '44.00', 'per CTNS', '', '0.000', '44.00']
['Invoice', '#:', '769353', 'Invoice date:', '09/27/18', 'Customer: H016', 'HIEP THANH', 'Sales rep:', '5']
['590', 'RS231', 'NG FUNG FINE VERM.bun', '', '*S*', '15', 'CTNS', '50.00', 'per', 'CTNS', '0.000', '750.00']
['', '', '10.5/60', 'giang tay', 'I32', '46.00', 'CTNS', '', '', '', '0.000', '690.00']
['', '', '', '', '', '', '', '', '', '', '', '60.00', '8.0']
['600', 'RS105C', '3 LADY BANH HOI TUOI', '', '', '3', 'CTNS', '43.00', 'per', 'CTNS', '0.000', '129.00']
['', '', '12 OZ X', '40', '', '40.00', 'CTNS', '', '', '', '0.000', '120.00']
['', '', '', '', '', '', '', '', '', '', '', '9.00', '7.0']
['610', 'RS210', 'BUN THAP CHUA', '', '', '1', 'CTNS', '62.00', 'per', 'CTNS', '0.000', '62.00']
['', '', '16 OZ X', '60 BAGS', '[I11]', '56.00', 'CTNS', '', '', '', '0.000', '56.00']
['', '', '', '', '', '', '', '', '', '', '', '6.00', '9.7']
['620', 'NT155', 'PEELED COOKED CHESTNUT', '', '', '1', 'CTNS', '46.00', 'per', 'CTNS', '0.000', '46.00']
['', '', '150 GM X', '40 BAG', '', '42.00', 'CTNS', '', '', '', '0.000', '42.00']
['', '', '', '', '', '', '', '', '', '', '', '4.00', '8.7']
['630', 'PW190', 'NOH CH. BBQ/CHAR SIU', '', '', '4', 'CTNS', '21.00', 'per', 'CTNS', '0.000', '84.00']
['', '', '2.5 OZ X', '24 BAGS MIX', '', '18.36', 'CTNS', '', '', '', '0.000', '73.44']
['', '', '', '', '', '', '', '', '', '', '', '10.56', '12.6']
['640', 'SS193', 'SWISS MAGGIE SEASONING L', '', '', '4', 'CTNS', '66.00', 'per', 'CTNS', '0.000', '264.00']
['', '', '27 Z/6 BT', '', '[F12] expensive', '60.00', 'CTNS', '', '', '', '0.000', '240.00']
['', '', '', '', '', '', '', '', '', '', '', '24.00', '9.1']
['660', 'SS195', 'FRENCH MAGGI SAUCE', '', '*S*', '1', 'CTNS', '56.00', 'per', 'CTNS', '0.000', '56.00']
['', '', '200 ML X', '', '12 BOTTLE', '49.00', 'CTNS', '', '', '', '0.000', '49.00']
['', '', '', '', '', '', '', '', '', '', '', '7.00', '12.5']
['', '', '', '', '', '', '', '', '', '', '', '', '', '4.00', '10.5']
['760', 'CF230', '', 'LAL PALM SEED', '', '*ATTAP*', '1', 'CTNS', '', '38.00', 'per', 'CTNS', '0.000', '38.00']
['', '', '', '', '', '', '', '', '', '', '', '', '', '8.00', '16.0']
['740', 'CM106', '', 'TOPSYNE M CREAM', '', '*L*', '2', 'BOX', '', '25.00', 'per', 'BOX', '0.000', '50.00']
['', '', '', '', '', '', '', '', '', '', '', '', '', '24.48-', '0.0']
['720', 'RS105', '', 'MY THO BANH HOI TUOI', '', '*VN*', '1', 'CTNS', '', '0.00', 'per', 'CTNS', '0.000', '0.00']
['', '', '', '', '', '', '', '', '', '', '', '', '', '25.00', '10.9']
['700', 'FS240', '', 'MEGACHEF PRE FISH SAUCE', '', '', '10', 'CTNS', '', '23.00', 'per', 'CTNS', '0.000', '230.00']
['', '', '', '', '', '', '', '', '', '', '', '', '', '5.64', '13.4']
['680', 'PW231D', '', 'KNORR PORK BOUILLO MIX', '', '', '2', 'BOX', '', '21.00', 'per BOX', '', '0.000', '42.00']
['Invoice', '#:', '769353', 'Invoice date:', '09/27/18', '', 'Customer: H016', '', 'HIEP THANH', '', '', '', 'Sales rep:', '5']
['710', 'RS105', '', 'MY THO BANH HOI TUOI', '', '*VN*', '5', 'CTNS', '', '37.40', 'per', 'CTNS', '0.000', '187.00']
['', '', '', '12 OZ X', '40 BG', '*10+2*', '24.48', 'CTNS', '', '', '', '', '0.000', '122.40']
['', '', '', '', '', '', '', '', '', '', '', '', '', '64.60', '34.5']
['720', 'RS105', '', 'MY THO BANH HOI TUOI', '', '*VN*', '1', 'CTNS', '', '0.00', 'per', 'CTNS', '0.000', '0.00']
['', '', '', '12 OZ X', '40 BG', '*10+2*', '24.48', 'CTNS', '', '', '', '', '0.000', '24.48']
['', '', '', '', '', '', '', '', '', '', '', '', '', '24.48-', '0.0']
['730', 'UT110', '', 'BAI TU SAC', '', '', '2', 'BOX', '', '65.00', 'per', 'BOX', '0.000', '130.00']
['', '', '', '100 SET', '/ BOX', '(H.K.)', '57.50', 'BOX', '', '', '', '', '0.000', '115.00']
['', '', '', '', '', '', '', '', '', '', '', '', '', '15.00', '11.5']
['740', 'CM106', '', 'TOPSYNE M CREAM', '', '*L*', '2', 'BOX', '', '25.00', 'per', 'BOX', '0.000', '50.00']
['', '', '', '19g X', '12 BOX', '****L****', '21.00', 'BOX', '', '', '', '', '0.000', '42.00']
['', '', '', '', '', '', '', '', '', '', '', '', '', '8.00', '16.0']
['750', 'UT132A', '', 'KIWI KNIFE', '#503', '*', '10', 'BOX', '', '11.00', 'per', 'BOX', '0.000', '110.00']
['', '', '', 'SMALL BOX/12 PCS', '', '', '7.68', 'BOX', '', '', '', '', '0.000', '76.80']
['', '', '', '', '', '', '', '', '', '', '', '', '', '33.20', '30.2']
['760', 'CF230', '', 'LAL PALM SEED', '', '*ATTAP*', '1', 'CTNS', '', '38.00', 'per', 'CTNS', '0.000', '38.00']
['', '', '', '20 OZ X', '24 CANS', '[B14]', '34.00', 'CTNS', '', '', '', '', '0.000', '34.00']
['', '', '', '', '', '', '', '', '', '', '', '', '', '4.00', '10.5']
['770', 'CF222', '', 'AROY-D LONGAN IN SYRUP', '', '', '3', 'CTNS', '', '35.00', 'per', 'CTNS', '0.000', '105.00']
['', '', '', '20 OZ. X', '24 CANS', '', '27.00', 'CTNS', '', '', '', '', '0.000', '81.00']
['', '', '', '', '', '', '', '', '', '', '', '', '', '24.00', '22.9']
['Invoice', '#:', '769353', 'Invoice date:', '09/27/18', '', 'Customer: H016', '', 'HIEP THANH', '', '', '', 'Sales rep:', '5']
['Seq# Item/Svc', '', '#', 'Description-1', '', '', 'Qty-shipped', '', 'Unit price', '', '', '', 'Lin-disc%', 'Ext-price']
['', '', '', 'Description-2', '', '', 'Unit cost', '', '', '', '', '', 'Ord-disc%', 'Ext-cost']
['', '', '', '', '', '', '', '', '', '', '', '', '', 'Gross-margin', 'Margin-%']
['', '', '', '', '', '', '', '', '', '', '', 'Invoice totals:', '', '10445.00']
['', '', '', '', '', '', '', '', '', '', '', '', '', '9144.41']
['', '', '', '', '', '', '', '', '', '', '', '', '', '1300.59', '12.5']
['', '', '', '', '', '', '', '', '', '', '', '', '', '47.85', '20.4']
['20', 'COF109B', '', 'NESCAFE VIET', '3n1', '*SUA DA', '5', 'CTNS', '', '47.00', 'per CTNS', '', '0.000', '235.00']
['Invoice', '#:', '769354', 'Invoice date:', '09/27/18', '', 'Customer: N007', '', "NEW JAPAN INT'L", '', '/ DS-1113', '', 'Sales rep:', '5']
['10', 'COF107B', '', 'NESCAFE VIET', '2n1', '*DEN BOX', '15', 'CTNS', '', '47.00', 'per CTNS', '', '0.000', '705.00']
['', '', '', '240G/24', 'EXP:4/10/19', '', '37.28', 'CTNS', '', '', '', '', '0.000', '559.20']
['', '', '', '', '', '', '', '', '', '', '', '', '', '145.80', '20.7']
['20', 'COF109B', '', 'NESCAFE VIET', '3n1', '*SUA DA', '5', 'CTNS', '', '47.00', 'per CTNS', '', '0.000', '235.00']
['', '', '', '280G/24 EXP:11/19/19', '', '', '37.43', 'CTNS', '', '', '', '', '0.000', '187.15']
['', '', '', '', '', '', '', '', '', '', '', '', '', '47.85', '20.4']
['', '', '', '', '', '', '', '', '', '', '', 'Invoice totals:', '', '940.00']
['', '', '', '', '', '', '', '', '', '', '', '', '', '746.35']
['', '', '', '', '', '', '', '', '', '', '', '', '', '193.65', '20.6']
['', '', '', '', '', '', '', '', '', '', '', '', '', '29.35-', '0.0']
['20', 'RP111E', '', 'BANH TRANG MY THO', '', '*31CM*', '1', 'CTNS', '', '0.00', 'per CTNS', '', '0.000', '0.00']
['Invoice', '#:', '769355', 'Invoice date:', '09/27/18', '', 'Customer: V003', '', 'VICTORIA PACIFIC TRADING', '', '', '', 'Sales rep:', '5']
['10', 'RP111E', '', 'BANH TRANG MY THO', '', '*31CM*', '10', 'CTNS', '', '41.50', 'per CTNS', '', '0.000', '415.00']
['', '', '', '12 OZ X', '44 BAGS', '', '29.35', 'CTNS', '', '', '', '', '0.000', '293.50']
['', '', '', '', '', '', '', '', '', '', '', '', '', '121.50', '29.3']
['20', 'RP111E', '', 'BANH TRANG MY THO', '', '*31CM*', '1', 'CTNS', '', '0.00', 'per CTNS', '', '0.000', '0.00']
['', '', '', '12 OZ X', '44 BAGS', '', '29.35', 'CTNS', '', '', '', '', '0.000', '29.35']
['', '', '', '', '', '', '', '', '', '', '', '', '', '29.35-', '0.0']
['', '', '', '', '', '', '', '', '', '', '', 'Invoice totals:', '', '415.00']
['', '', '', '', '', '', '', '', '', '', '', '', '', '322.85']
['', '', '', '', '', '', '', '', '', '', '', '', '', '92.15', '22.2']
['Invoice', '#:', '769356', 'Invoice date:', '09/27/18', 'Customer: R005', 'RICE FIELD CORP', 'Sales rep:', '5']
['', '', '', '', '', '', 'Gross-margin', 'Margin-%']
['10', 'PA130', 'PANTAI SHRIMP PASTE W/OIL', '', '', '', '2', 'CTNS', '100.00', 'per CTNS', '0.000', '200.00']
['', '', '7OZX', '24', '#1 EXPENSIVE', '10+1', '82.03', 'CTNS', '', '', '0.000', '164.06']
['', '', '', '', '', '', '', '', '', '', '', '35.94', '18.0']
['', '', '', '', '', '', '', '', '', 'Invoice totals:', '', '200.00']
['', '', '', '', '', '', '', '', '', '', '', '164.06']
['', '', '', '', '', '', '', '', '', '', '', '35.94', '18.0']
['', '', '', '', '', '', '', '', '', '', '3.59', '8.2']
['40', 'MD121', 'EAGLE OIL', '', '- GREEN *L*', '1', 'BOX', '44.00', 'per BOX', '0.000', '44.00']
['', '', '', '', '', '', '', '', '', '', '28.23', '27.7']
['20', 'FR310DD', 'FR. LEMON GRASS', '', '*5 LBS*', '3', 'CTNS', '34.00', 'per CTNS', '0.000', '102.00']
['Invoice', '#:', '769357', 'Invoice date:', '09/27/18', 'Customer: MSJ', 'MSJ FOOD INC', 'Sales rep:', '5']
['', '', '', '', '', '', '', '', '', '', '28.23', '27.7']
['30', 'NT133', 'BLANCHED PEANUTS', '', '5 LBS', '2', 'CTNS', '33.00', 'per CTNS', '0.000', '66.00']
['', '', '5 LBS X', '6 BAGS', '', '29.50', 'CTNS', '', '', '0.000', '59.00']
['', '', '', '', '', '', '', '', '', '', '7.00', '10.6']
['40', 'MD121', 'EAGLE OIL', '', '- GREEN *L*', '1', 'BOX', '44.00', 'per BOX', '0.000', '44.00']
['', '', '12 X', '24 ML', '(1 DOZEN)', '40.41', 'BOX', '', '', '0.000', '40.41']
['', '', '', '', '', '', '', '', '', '', '3.59', '8.2']
['50', 'FL140', 'COCK TAPIOCA STARCH', '', '', '1', 'CTNS', '31.00', 'per CTNS', '0.000', '31.00']
['', '', '14 OZ X', '60 BAG', '*bot nang*', '28.00', 'CTNS', '', '', '0.000', '28.00']
['', '', '', '', '', '', '', '', '', '', '3.00', '9.7']
['', '', '', '', '', '', '', '', 'Invoice totals:', '', '277.00']
['', '', '', '', '', '', '', '', '', '', '227.17']
['', '', '', '', '', '', '', '', '', '', '49.83', '18.0']
['', '', '', '', '', '', '', '', '', '', '', '', '', '', '5.00', '12.5']
['100', 'FR901', '', 'FR. THAI CORN BLACK', '', '', '', '', '1', 'CTNS', '40.00', 'per', 'CTNS', '0.000', '40.00']
['', '', '', '', '', '', '', '', '', '', '', '', '', '', '4.54', '10.6']
['80', 'TE154', '', 'CHINA SLIM TEA', '', '', '*LADY SIT*', '', '1', 'CTNS', '43.00', 'per', 'CTNS', '0.000', '43.00']
['', '', '', '', '', '', '', '', '', '', '', '', '', '', '2.70', '11.3']
['60', 'FD151', '', '', 'CHIN-C ALOE VERA JUICE L', '', '', '', '1', 'CTNS', '24.00', 'per', 'CTNS', '0.000', '24.00']
['', '', '', '', '', '', '', '', '', '', '', '', '', '', '3.00', '12.0']
['40', 'CH121', '', 'CALBEE SHRIMP CHIPS', '', '', '', '4 OZ', '2', 'CTNS', '12.50', 'per', 'CTNS', '0.000', '25.00']
['', '', '', '', '', '', '', '', '', '', '', '', '', '', '2.00', '12.9']
['20', 'NO321', '', 'UDON BEEF FLAVOR', '', '', '', '', '1', 'CTNS', '15.50', 'per CTNS', '', '0.000', '15.50']
['Invoice', '#:', '769358', 'Invoice date:', '', '', '09/27/18', '', 'Customer: LUCKYO', 'LUCKY ORIENTAL MARKET', '', '', 'Sales rep:', '7']
['50', 'NO320', '', 'UDON CHICKEN FLAVOR', '', '', '', '', '1', 'CTNS', '15.50', 'per', 'CTNS', '0.000', '15.50']
['', '', '', '7 OZ X', '', '30 BAGS', '', 'CHIKARA', '13.50', 'CTNS', '', '', '', '0.000', '13.50']
['', '', '', '', '', '', '', '', '', '', '', '', '', '', '2.00', '12.9']
['60', 'FD151', '', '', 'CHIN-C ALOE VERA JUICE L', '', '', '', '1', 'CTNS', '24.00', 'per', 'CTNS', '0.000', '24.00']
['', '', '', '', '50.7 z/12 BT E18 CRV4', '', '', '*L*', '21.30', 'CTNS', '', '', '', '0.000', '21.30']
['', '', '', '', '', '', '', '', '', '', '', '', '', '', '2.70', '11.3']
['70', 'CRV004', '', 'CRV', '/', '12 PLASTIC BOTTLE', '', '', '1', 'CTNS', '1.20', 'per', 'CTNS', '0.000', '1.20']
['', '', '', '12 BT X', '', '24 OZ more', '', '', '0.00', 'CTNS', '', '', '', '0.000', '0.00']
['', '', '', '', '', '', '', '', '', '', '', '', '', '', '1.20', '100.0']
['80', 'TE154', '', 'CHINA SLIM TEA', '', '', '*LADY SIT*', '', '1', 'CTNS', '43.00', 'per', 'CTNS', '0.000', '43.00']
['', '', '', '72 TBAGS X', '', '', '12 BOXES', '', '38.46', 'CTNS', '', '', '', '0.000', '38.46']
['', '', '', '', '', '', '', '', '', '', '', '', '', '', '4.54', '10.6']
['90', 'SS107A', '', 'CJ KALBI RIB SAUCE', '', '', '', '*S*', '1', 'CTNS', '29.00', 'per', 'CTNS', '0.000', '29.00']
['', '', '', '16.9 OZ X', '', '', '12', '10+1', '21.72', 'CTNS', '', '', '', '0.000', '21.72']
['', '', '', '', '', '', '', '', '', '', '', '', '', '', '7.28', '25.1']
['100', 'FR901', '', 'FR. THAI CORN BLACK', '', '', '', '', '1', 'CTNS', '40.00', 'per', 'CTNS', '0.000', '40.00']
['', '', '', '14 OZ X', '', '36 BAGS', '', '', '35.00', 'CTNS', '', '', '', '0.000', '35.00']
['', '', '', '', '', '', '', '', '', '', '', '', '', '', '5.00', '12.5']
['110', 'FR701', '', '', 'FR. PALM NUT (L. ELEPHANT', '', '', '', '1', 'CTNS', '85.00', 'per', 'CTNS', '0.000', '85.00']
['', '', '', '16 OZ X', '', '40', '15/17ct', '', '39.60', 'CTNS', '', '', '', '0.000', '39.60']
['', '', '', '', '', '', '', '', '', '', '', '', '', '', '45.40', '53.4']
['', '', '', '', '', '', '', '', '', '', '', '', '', '', '4.00', '12.1']
['240', 'SS191', '', '', 'MAGGI SEASONING SOYSAUCE', '', '', '', '1', 'CTNS', '33.00', 'per', 'CTNS', '0.000', '33.00']
['', '', '', '', '', '', '', '', '', '', '', '', '', '', '4.75', '29.7']
['210', 'BS171', '', 'LAL SOUR BBS', '', '', '2 LBS', '', '1', 'CTNS', '16.00', 'per', 'CTNS', '0.000', '16.00']
['', '', '', '', '', '', '', '', '', '', '', '', '', '', '5.00', '11.1']
['180', 'SE123', '', 'KADOYA SESAME OIL', '', '', '', '5.5 OZ', '1', 'CTNS', '45.00', 'per', 'CTNS', '0.000', '45.00']
['', '', '', '', '', '', '', '', '', '', '', '', '', '', '6.00', '11.5']
['150', 'NO160', '', 'EXCELLENT NOODLE', '', '', '', '*16 OZ*', '1', 'EACH', '52.00', 'per', 'CTNS', '0.000', '52.00']
['', '', '', '', '', '', '', '', '', '', '', '', '', '', '2.50', '13.9']
['130', 'CO245', '', 'EURO STRAWBERRY CAKE', '', '', '', '', '1', 'CTNS', '18.00', 'per CTNS', '', '0.000', '18.00']
['Invoice', '#:', '769358', 'Invoice date:', '', '', '09/27/18', '', 'Customer: LUCKYO', 'LUCKY ORIENTAL MARKET', '', '', 'Sales rep:', '7']
['160', 'HM111A', '', 'FORTUNE LIVER SPREAD', '', '', '', '*L*', '1', 'CTNS', '37.50', 'per', 'CTNS', '0.000', '37.50']
['', '', '', '4.76 OZ X', '', '', '24 CAN', '', '34.00', 'CTNS', '', '', '', '0.000', '34.00']
['', '', '', '', '', '', '', '', '', '', '', '', '', '', '3.50', '9.3']
['180', 'SE123', '', 'KADOYA SESAME OIL', '', '', '', '5.5 OZ', '1', 'CTNS', '45.00', 'per', 'CTNS', '0.000', '45.00']
['', '', '', '5.5 OZ X', '', '24 BT', '', '[H23]', '40.00', 'CTNS', '', '', '', '0.000', '40.00']
['', '', '', '', '', '', '', '', '', '', '', '', '', '', '5.00', '11.1']
['200', 'HM140', '', 'KYJ CHINESE SAUSAGE', '', '', '', '', '1', 'CTNS', '116.00', 'per', 'CTNS', '0.000', '116.00']
['', '', '', '14 OZ X', '', '32 BAGS', '', '03/19/19', '103.00', 'CTNS', '', '', '', '0.000', '103.00']
['', '', '', '', '', '', '', '', '', '', '', '', '', '', '13.00', '11.2']
['210', 'BS171', '', 'LAL SOUR BBS', '', '', '2 LBS', '', '1', 'CTNS', '16.00', 'per', 'CTNS', '0.000', '16.00']
['', '', '', '2 LBS X', '', '12 BOTTLE', '', '[A31b]', '11.25', 'CTNS', '', '', '', '0.000', '11.25']
['', '', '', '', '', '', '', '', '', '', '', '', '', '', '4.75', '29.7']
['220', 'SA105', '', 'LKK HOISIN SAUCE', '', '', '', '*20 OZ*', '2', 'CTNS', '18.50', 'per', 'CTNS', '0.000', '37.00']
['', '', '', '20 OZ X', '', '12 BT', '', '[H37]', '16.40', 'CTNS', '', '', '', '0.000', '32.80']
['', '', '', '', '', '', '', '', '', '', '', '', '', '', '4.20', '11.4']
['240', 'SS191', '', '', 'MAGGI SEASONING SOYSAUCE', '', '', '', '1', 'CTNS', '33.00', 'per', 'CTNS', '0.000', '33.00']
['', '', '', '27 OZ X', '', '6 BT', '[F15]', '*L*', '29.00', 'CTNS', '', '', '', '0.000', '29.00']
['', '', '', '', '', '', '', '', '', '', '', '', '', '', '4.00', '12.1']
['250', 'NO335', '', '', 'MAMA PHO CLEAR SOUP (S)', '', '', '', '1', 'CTNS', '52.00', 'per', 'CTNS', '0.000', '52.00']
['', '', '', '30 BGS X', '', '6 BOX', '', '', '45.00', 'CTNS', '', '', '', '0.000', '45.00']
['', '', '', '', '', '', '', '', '', '', '', '', '', '', '7.00', '13.5']
['', '', '', '', '', '', '', '', '', '', '', '', '3.00', '10.3']
['330', 'NO280', '', 'WAI WAI ORIENTAL NOODLE', '', '', '', '1', 'CASE', '29.00', 'per CASE', '0.000', '29.00']
['', '', '', '', '', '', '', '', '', '', '', '', '5.00', '10.0']
['310', 'GR203', '', 'VI HUONG PORK MEAT LOAF', '', '', '', '1', 'CTNS', '50.00', 'per CTNS', '0.000', '50.00']
['', '', '', '', '', '', '', '', '', '', '', '', '3.00', '9.7']
['280', 'FR902', '', 'SHIRO MISO SOYBEAN PASTE', '', '', '', '1', 'CTNS', '31.00', 'per CTNS', '0.000', '31.00']
['Invoice', '#:', '769358', 'Invoice date:', '09/27/18', 'Customer: LUCKYO', 'LUCKY ORIENTAL MARKET', '', 'Sales rep:', '7']
['300', 'BR108', '', 'TEMPLE SOUP PHO BAC', '', '', '', '1', 'CTNS', '16.50', 'per CTNS', '0.000', '16.50']
['', '', '', '30 OZ X 12 CANNED', '', '', '', '14.95', 'CTNS', '', '', '0.000', '14.95']
['', '', '', '', '', '', '', '', '', '', '', '', '1.55', '9.4']
['310', 'GR203', '', 'VI HUONG PORK MEAT LOAF', '', '', '', '1', 'CTNS', '50.00', 'per CTNS', '0.000', '50.00']
['', '', '', '12 OZ X 20 gio lua', '', '#215', '', '45.00', 'CTNS', '', '', '0.000', '45.00']
['', '', '', '', '', '', '', '', '', '', '', '', '5.00', '10.0']
['320', 'DD142', '', 'VT BOT BANH CUON', '', '', '', '1', 'EACH', '16.00', 'per CTNS', '0.000', '16.00']
['', '', '', '14 OZ X', '20 BG rice roll', '', '', '11.56', 'EACH', '', '', '0.000', '11.56']
['', '', '', '', '', '', '', '', '', '', '', '', '4.44', '27.8']
['330', 'NO280', '', 'WAI WAI ORIENTAL NOODLE', '', '', '', '1', 'CASE', '29.00', 'per CASE', '0.000', '29.00']
['', '', '', '2.1 OZ. X', '(6 X', '30)', '[J7]', '26.00', 'CASE', '', '', '0.000', '26.00']
['', '', '', '', '', '', '', '', '', '', '', '', '3.00', '10.3']
['', '', '', '', '', '', '', '', '', '', 'Invoice totals:', '', '990.70']
['', '', '', '', '', '', '', '', '', '', '', '', '831.14']
['', '', '', '', '', '', '', '', '', '', '', '', '159.56', '16.1']
['Invoice', '#:', '769359', 'Invoice date:', '09/27/18', 'Customer: N007', "NEW JAPAN INT'L", '/ DS-1113', 'Sales rep:', '5']
['', '', '', '', '', '', 'Gross-margin', 'Margin-%']
['10', 'SS190D', 'MAGGI SOYSAUCE VN DARK LG', '', '', '28', 'CTNS', '20.00', 'per CTNS', '0.000', '560.00']
['', '', '700ML X', '12 BT', '*DAM DAC*', '13.75', 'CTNS', '', '', '0.000', '385.00']
['', '', '', '', '', '', '', '', '', '', '175.00', '31.3']
['', '', '', '', '', '', '', '', 'Invoice totals:', '', '560.00']
['', '', '', '', '', '', '', '', '', '', '385.00']
['', '', '', '', '', '', '', '', '', '', '175.00', '31.3']
['', '', '', '', '', '', '', '', '', '', '', '', '32.00', '16.0']
['100', 'PW528', 'NORA HOT AND SOUR SOUP', '', '', '', '10', 'CTNS', '20.00', 'per', 'CTNS', '0.000', '200.00']
['', '', '', '', '', '', '', '', '', '', '', '', '26.40', '12.6']
['80', 'PW190', 'NOH CH. BBQ/CHAR SIU', '', '', '', '10', 'CTNS', '21.00', 'per', 'CTNS', '0.000', '210.00']
['', '', '', '', '', '', '', '', '', '', '', '', '75.00', '9.7']
['60', 'PW235A', 'MEI WEI TAMARIND SOUP BSE', '', '', '', '25', 'CTNS', '31.00', 'per', 'CTNS', '0.000', '775.00']
['', '', '', '', '', '', '', '', '', '', '', '', '63.00', '20.0']
['40', 'PW535', 'NORA SINIGANG TAMARIND', '', '', '', '30', 'CTNS', '10.50', 'per', 'CTNS', '0.000', '315.00']
['', '', '', '', '', '', '', '', '', '', '', '', '115.20', '12.0']
['20', 'PW530', 'NORA CORN SOUP MIX', '', '', '', '40', 'CTNS', '24.00', 'per CTNS', '', '0.000', '960.00']
['Invoice', '#:', '769360', 'Invoice date:', '09/27/18', 'Customer: D008', 'DONG PHUONG DISTRIBUTOR', '', 'Sales rep:', '5']
['50', 'RS243', 'QH RICE VERMICELLI', '', '#802', '', '10', 'CTNS', '74.00', 'per', 'CTNS', '0.000', '740.00']
['', '', '2 LBS/30 BAG', '', '*GREEN*', '[I7]', '66.00', 'CTNS', '', '', '', '0.000', '660.00']
['', '', '', '', '', '', '', '', '', '', '', '', '80.00', '10.8']
['60', 'PW235A', 'MEI WEI TAMARIND SOUP BSE', '', '', '', '25', 'CTNS', '31.00', 'per', 'CTNS', '0.000', '775.00']
['', '', '1.4 OZ X', '144 BG', '', '', '28.00', 'CTNS', '', '', '', '0.000', '700.00']
['', '', '', '', '', '', '', '', '', '', '', '', '75.00', '9.7']
['70', 'PW533', 'NORA MISO SOUP BASE', '', '', '', '20', 'CTNS', '12.00', 'per', 'CTNS', '0.000', '240.00']
['', '', '30 G X', '24', '', '', '9.60', 'CTNS', '', '', '', '0.000', '192.00']
['', '', '', '', '', '', '', '', '', '', '', '', '48.00', '20.0']
['80', 'PW190', 'NOH CH. BBQ/CHAR SIU', '', '', '', '10', 'CTNS', '21.00', 'per', 'CTNS', '0.000', '210.00']
['', '', '2.5 OZ X', '24 BAGS MIX', '', '', '18.36', 'CTNS', '', '', '', '0.000', '183.60']
['', '', '', '', '', '', '', '', '', '', '', '', '26.40', '12.6']
['90', 'PW536', 'NORA SINIGANG CALAMANSI', '', '', '', '20', 'CTNS', '13.00', 'per', 'CTNS', '0.000', '260.00']
['', '', '24 X', '48 G', 'SOUP MIX', '', '10.80', 'CTNS', '', '', '', '0.000', '216.00']
['', '', '', '', '', '', '', '', '', '', '', '', '44.00', '16.9']
['100', 'PW528', 'NORA HOT AND SOUR SOUP', '', '', '', '10', 'CTNS', '20.00', 'per', 'CTNS', '0.000', '200.00']
['', '', '24 X', '60 G', '', '', '16.80', 'CTNS', '', '', '', '0.000', '168.00']
['', '', '', '', '', '', '', '', '', '', '', '', '32.00', '16.0']
['110', 'PW534', 'NORA SINIGANG TAMARIND', '', '', '', '10', 'CTNS', '11.00', 'per', 'CTNS', '0.000', '110.00']
['', '', '24 X', '45 G', 'W/CHILI SOUP', '', '8.40', 'CTNS', '', '', '', '0.000', '84.00']
['', '', '', '', '', '', '', '', '', '', '', '', '26.00', '23.6']
['', '', '', '', '', '', '', '', '', '', '', '10.50', '9.2']
['230', 'PW509A', 'MEI WEI ALMOND PUDDING', '', '', '3', 'CTNS', '38.00', 'per', 'CTNS', '0.000', '114.00']
['', '', '', '', '', '', '', '', '', '', '', '9.00', '11.1']
['210', 'PW502', 'GC MANGO PUDDING MIX', '', '', '3', 'CTNS', '27.00', 'per', 'CTNS', '0.000', '81.00']
['', '', '', '', '', '', '', '', '', '', '', '24.00', '9.1']
['190', 'TE140', 'NATURAL LEAF BRAND', '', '', '4', 'CTNS', '66.00', 'per', 'CTNS', '0.000', '264.00']
['', '', '', '', '', '', '', '', '', '', '', '12.50', '9.4']
['170', 'PW235B', 'MEI WEI TAMARIND SOUP BSE', '', '', '5', 'CTNS', '26.50', 'per', 'CTNS', '0.000', '132.50']
['', '', '', '', '', '', '', '', '', '', '', '6.00', '9.1']
['130', 'TE108', 'TRIPLE-L SPECIAL TEA', '', '', '1', 'CTNS', '66.00', 'per CTNS', '', '0.000', '66.00']
['Invoice', '#:', '769360', 'Invoice date:', '09/27/18', 'Customer: D008', 'DONG PHUONG DISTRIBUTOR', '', 'Sales rep:', '5']
['180', 'DD104', 'KTT GV SPICE MIX', '', '', '5', 'CTNS', '30.00', 'per', 'CTNS', '0.000', '150.00']
['', '', '2 OZ X', '50 BAGS', 'A-22', '27.00', 'CTNS', '', '', '', '0.000', '135.00']
['', '', '', '', '', '', '', '', '', '', '', '15.00', '10.0']
['190', 'TE140', 'NATURAL LEAF BRAND', '', '', '4', 'CTNS', '66.00', 'per', 'CTNS', '0.000', '264.00']
['', '', '1.88 OZ. X', '(18 X', '36 BOX)', '60.00', 'CTNS', '', '', '', '0.000', '240.00']
['', '', '', '', '', '', '', '', '', '', '', '24.00', '9.1']
['200', 'PW504', 'GC AGAR AGAR POWDER', '', '', '3', 'CTNS', '29.00', 'per', 'CTNS', '0.000', '87.00']
['', '', '6 OZ X', '24 BOX', '', '26.40', 'CTNS', '', '', '', '0.000', '79.20']
['', '', '', '', '', '', '', '', '', '', '', '7.80', '9.0']
['210', 'PW502', 'GC MANGO PUDDING MIX', '', '', '3', 'CTNS', '27.00', 'per', 'CTNS', '0.000', '81.00']
['', '', '4.5 OZ X', '24 BOX', '', '24.00', 'CTNS', '', '', '', '0.000', '72.00']
['', '', '', '', '', '', '', '', '', '', '', '9.00', '11.1']
['220', 'TE170', 'PANAX GINSENG TEA', '', '', '3', 'CTNS', '70.00', 'per', 'CTNS', '0.000', '210.00']
['', '', '20 TB X', '36 BOX', '', '62.00', 'CTNS', '', '', '', '0.000', '186.00']
['', '', '', '', '', '', '', '', '', '', '', '24.00', '11.4']
['230', 'PW509A', 'MEI WEI ALMOND PUDDING', '', '', '3', 'CTNS', '38.00', 'per', 'CTNS', '0.000', '114.00']
['', '', '4.2 OZ X', '60 BAGS', '', '34.50', 'CTNS', '', '', '', '0.000', '103.50']
['', '', '', '', '', '', '', '', '', '', '', '10.50', '9.2']
['240', 'CM105', 'SAN ING CREAM', '', '', '3', 'DOZ', '20.00', 'per', 'DOZ', '0.000', '60.00']
['', '', '.3 OZ X', '12 BOX', '(HOA LAN)', '17.50', 'DOZ', '', '', '', '0.000', '52.50']
['', '', '', '', '', '', '', '', '', '', '', '7.50', '12.5']
['Invoice', '#:', '769360', 'Invoice date:', '09/27/18', 'Customer: D008', 'DONG PHUONG DISTRIBUTOR', '', 'Sales rep:', '5']
['', '', '', '', '', '', 'Gross-margin', 'Margin-%']
['250', 'UT818', 'PALLET', '6', 'CTNS', '6.00', 'per CTNS', '0.000', '36.00']
['', '', 'EACH', '5.75', 'CTNS', '', '', '0.000', '34.50']
['', '', '', '', '', '', '', '', '1.50', '4.2']
['', '', '', '', '', '', 'Invoice totals:', '', '10290.50']
['', '', '', '', '', '', '', '', '9067.50']
['', '', '', '', '', '', '', '', '1223.00', '11.9']
['', '', '', '', '', '', '', '', '', '', '', '6.90', '11.5']
['210', 'ME100', 'SALONPAS', '20 SHEETS', '', '3', 'PACK', '20.00', 'per', 'PACK', '0.000', '60.00']
['', '', '', '', '', '', '', '', '', '', '', '3.82', '17.4']
['140', 'PW231D', 'KNORR PORK BOUILLO MIX', '', '', '1', 'BOX', '22.00', 'per', 'BOX', '0.000', '22.00']
['', '', '', '', '', '', '', '', '', '', '', '120.00', '8.7']
['102', 'CI120', 'SRIRACHA CHILI SAUCE', '', '*L*', '60', 'CTNS', '23.00', 'per', 'CTNS', '0.000', '1380.00']
['', '', '', '', '', '', '', '', '', '', '', '60.00', '15.8']
['90', 'CI100', 'SAMBAL OELEK GR CHILI', '', '*M*', '20', 'CTNS', '19.00', 'per', 'CTNS', '0.000', '380.00']
['', '', '', '', '', '', '', '', '', '', '', '165.00', '9.7']
['60', 'FD105A', 'FOCO COCONUT JUICE', '', '17.6oz', '110', 'CTNS', '15.50', 'per CTNS', '', '0.000', '1705.00']
['Invoice', '#:', '769361', 'Invoice date:', '09/27/18', 'Customer: HONG K', 'HONG KONG SUPERMARKET', 'Sales rep:', '14']
['100', 'RS190A', 'BKK ELE RICE STICK', '', '3MM-M', '1', 'CTNS', '28.00', 'per', 'CTNS', '0.000', '28.00']
['', '', '16OZ X', '30 BAGS', '[I31]', '23.00', 'CTNS', '', '', '', '0.000', '23.00']
['', '', '', '', '', '', '', '', '', '', '', '5.00', '17.9']
['102', 'CI120', 'SRIRACHA CHILI SAUCE', '', '*L*', '60', 'CTNS', '23.00', 'per', 'CTNS', '0.000', '1380.00']
['', '', '28 OZ X', '12 BTL', '[C3]', '21.00', 'CTNS', '', '', '', '0.000', '1260.00']
['', '', '', '', '', '', '', '', '', '', '', '120.00', '8.7']
['130', 'FS220', '3 CRAB FISH SAUCE', '', '', '138', 'CTNS', '35.00', 'per', 'CTNS', '0.000', '4830.00']
['', '', '24 OZ X', '12 BT', '', '33.50', 'CTNS', '', '', '', '0.000', '4623.00']
['', '', '', '', '', '', '', '', '', '', '', '207.00', '4.3']
['140', 'PW231D', 'KNORR PORK BOUILLO MIX', '', '', '1', 'BOX', '22.00', 'per', 'BOX', '0.000', '22.00']
['', '', '2.5 OZ X', '24 BOX', 'BLUE', '18.18', 'BOX', '', '', '', '0.000', '18.18']
['', '', '', '', '', '', '', '', '', '', '', '3.82', '17.4']
['150', 'FP121', 'LKK FINE SHRIMP SAUCE', '', '8z', '10', 'CTNS', '33.00', 'per', 'CTNS', '0.000', '330.00']
['', '', '8 OZ X', '12 JARS', '[G37]', '27.55', 'CTNS', '', '', '', '0.000', '275.50']
['', '', '', '', '', '', '', '', '', '', '', '54.50', '16.5']
['210', 'ME100', 'SALONPAS', '20 SHEETS', '', '3', 'PACK', '20.00', 'per', 'PACK', '0.000', '60.00']
['', '', 'PKS/20 SHEETS X', '6', '', '17.70', 'PACK', '', '', '', '0.000', '53.10']
['', '', '', '', '', '', '', '', '', '', '', '6.90', '11.5']
['220', 'ME101', 'SALONPAS', '60 SHEETS', '', '5', 'PACK', '20.50', 'per', 'PACK', '0.000', '102.50']
['', '', 'PKS/60 SHEETS X', '3', '', '18.00', 'PACK', '', '', '', '0.000', '90.00']
['', '', '', '', '', '', '', '', '', '', '', '12.50', '12.2']
['', '', '', '', '', '', '', '', '', '', '', '', '5.50', '9.5']
['320', 'KS202A', 'SK BOT NGHE', '', '4 OZ turmeric', '', '2', 'CTNS', '29.00', 'per', 'CTNS', '0.000', '58.00']
['', '', '', '', '', '', '', '', '', '', '', '', '29.25', '10.0']
['300', 'KS101', 'SK BOT BANH BOT LOC', '', '*wet', '', '9', 'CTNS', '32.50', 'per', 'CTNS', '0.000', '292.50']
['', '', '', '', '', '', '', '', '', '', '', '', '3.25', '9.6']
['280', 'KS117', 'SK GIA VI NAU BO KHO beef', '', '', '', '1', 'CTNS', '34.00', 'per', 'CTNS', '0.000', '34.00']
['', '', '', '', '', '', '', '', '', '', '', '', '3.25', '9.6']
['260', 'KS207', 'SK OT MAU', 'paprika', '', '', '1', 'CTNS', '34.00', 'per', 'CTNS', '0.000', '34.00']
['', '', '', '', '', '', '', '', '', '', '', '', '4.55', '9.1']
['240', 'PW303', 'LOTUS GIA VI PHO BO', '', '', '', '1', 'CTNS', '50.00', 'per CTNS', '', '0.000', '50.00']
['Invoice', '#:', '769361', 'Invoice date:', '09/27/18', 'Customer: HONG K', 'HONG KONG SUPERMARKET', 'Sales rep:', '14']
['270', 'KS211', 'SK THINH SAIGON roasted', '', '', '3', '1', 'CTNS', '67.00', 'per', 'CTNS', '0.000', '67.00']
['', '', '3z/100B rice powder', '', '[G10B', '', '60.50', 'CTNS', '', '', '', '0.000', '60.50']
['', '', '', '', '', '', '', '', '', '', '', '', '6.50', '9.7']
['280', 'KS117', 'SK GIA VI NAU BO KHO beef', '', '', '', '1', 'CTNS', '34.00', 'per', 'CTNS', '0.000', '34.00']
['', '', '2OZ/50 BG stew spice', '', '[G8b', '', '30.75', 'CTNS', '', '', '', '0.000', '30.75']
['', '', '', '', '', '', '', '', '', '', '', '', '3.25', '9.6']
['290', 'KS118', 'SK G.V. GA XA OT UOP NUON', '', '', '', '1', 'CTNS', '37.00', 'per', 'CTNS', '0.000', '37.00']
['', '', '2z/50B spice roast rib bf', '', '', '', '33.50', 'CTNS', '', '', '', '0.000', '33.50']
['', '', '', '', '', '', '', '', '', '', '', '', '3.50', '9.5']
['300', 'KS101', 'SK BOT BANH BOT LOC', '', '*wet', '', '9', 'CTNS', '32.50', 'per', 'CTNS', '0.000', '292.50']
['', '', '12 Z/45BG rice roll', '', '*02', '', '29.25', 'CTNS', '', '', '', '0.000', '263.25']
['', '', '', '', '', '', '', '', '', '', '', '', '29.25', '10.0']
['310', 'KS200', 'SK CA RI NI', '4oz (CAY)', '', '', '1', 'CTNS', '29.00', 'per', 'CTNS', '0.000', '29.00']
['', '', '4 OZ/12 BT curry pwd hot', '', '', '', '26.25', 'CTNS', '', '', '', '0.000', '26.25']
['', '', '', '', '', '', '', '', '', '', '', '', '2.75', '9.5']
['320', 'KS202A', 'SK BOT NGHE', '', '4 OZ turmeric', '', '2', 'CTNS', '29.00', 'per', 'CTNS', '0.000', '58.00']
['', '', '4 OZ X', '12 BOTTLE', '', '[G8b]', '26.25', 'CTNS', '', '', '', '0.000', '52.50']
['', '', '', '', '', '', '', '', '', '', '', '', '5.50', '9.5']
['330', 'KS226', 'SK BOT NGHE', '', '16 OZ (CHAI)', '', '2', 'CTNS', '50.00', 'per', 'CTNS', '0.000', '100.00']
['', '', '16 OZ X', '12 BT', '', '[G7b]', '45.50', 'CTNS', '', '', '', '0.000', '91.00']
['', '', '', '', '', '', '', '', '', '', '', '', '9.00', '9.0']
['', '', '', '', '', '', '', '', '', '', '', '', '9.50', '31.7']
['480', 'PC155A', 'LAL PKL GINGER (SLICE)', '', '', '', '1', 'CTNS', '30.00', 'per', 'CTNS', '0.000', '30.00']
['', '', '', '', '', '', '', '', '', '', '', '', '12.77', '39.9']
['440', 'PA112', 'LAL GIA VI NAU PHO', '', '', '8 OZ', '1', 'CTNS', '32.00', 'per', 'CTNS', '0.000', '32.00']
['', '', '', '', '', '', '', '', '', '', '', '', '34.40', '14.3']
['410', 'SS107E', 'CJ KALBI RIB SAUCE', '', '', '*L*', '10', 'CTNS', '24.00', 'per', 'CTNS', '0.000', '240.00']
['', '', '', '', '', '', '', '', '', '', '', '', '220.00', '36.7']
['380', 'NT130', 'LAL RED PEANUT', '', '(10+1)', '', '10', 'CTNS', '60.00', 'per', 'CTNS', '0.000', '600.00']
['', '', '', '', '', '', '', '', '', '', '', '', '17.80', '12.3']
['360', 'ED103A', 'M-150 DRINK can', '', '', '', '10', 'CTNS', '14.50', 'per CTNS', '', '0.000', '145.00']
['Invoice', '#:', '769361', 'Invoice date:', '09/27/18', 'Customer: HONG K', 'HONG KONG SUPERMARKET', 'Sales rep:', '14']
['390', 'NT130', 'LAL RED PEANUT', '', '(10+1)', '', '1', 'CTNS', '0.00', 'per', 'CTNS', '0.000', '0.00']
['', '', '12 OZ. X', '60 BG', '', '*USA*', '38.00', 'CTNS', '', '', '', '0.000', '38.00']
['', '', '', '', '', '', '', '', '', '', '', '', '38.00-', '0.0']
['410', 'SS107E', 'CJ KALBI RIB SAUCE', '', '', '*L*', '10', 'CTNS', '24.00', 'per', 'CTNS', '0.000', '240.00']
['', '', '840 GM X', '8', '', '', '20.56', 'CTNS', '', '', '', '0.000', '205.60']
['', '', '', '', '', '', '', '', '', '', '', '', '34.40', '14.3']
['420', 'PA131A', 'PANTAI CRAB PST W/OIL#2', '', '', '', '1', 'CTNS', '57.00', 'per', 'CTNS', '0.000', '57.00']
['', '', '7 OZ X', '24BT', 'CHEAP', '', '44.24', 'CTNS', '', '', '', '0.000', '44.24']
['', '', '', '', '', '', '', '', '', '', '', '', '12.76', '22.4']
['440', 'PA112', 'LAL GIA VI NAU PHO', '', '', '8 OZ', '1', 'CTNS', '32.00', 'per', 'CTNS', '0.000', '32.00']
['', '', '8 OZ X', '24 BT BEEF PASTE', '', '', '19.23', 'CTNS', '', '', '', '0.000', '19.23']
['', '', '', '', '', '', '', '', '', '', '', '', '12.77', '39.9']
['450', 'BR111', 'LAL TOMYUM KUNG SOUP', '', '', '', '1', 'CTNS', '35.00', 'per', 'CTNS', '0.000', '35.00']
['', '', '28 OZ X', '24 CAN', '', '', '25.53', 'CTNS', '', '', '', '0.000', '25.53']
['', '', '', '', '', '', '', '', '', '', '', '', '9.47', '27.1']
['480', 'PC155A', 'LAL PKL GINGER (SLICE)', '', '', '', '1', 'CTNS', '30.00', 'per', 'CTNS', '0.000', '30.00']
['', '', '16OZ/24 BT', '', '*SUSHI*', '[B19b]', '20.50', 'CTNS', '', '', '', '0.000', '20.50']
['', '', '', '', '', '', '', '', '', '', '', '', '9.50', '31.7']
['500', 'CI130A', 'LAL FRIED CHILI PASTE HOT', '', '', '', '2', 'CTNS', '77.00', 'per', 'CTNS', '0.000', '154.00']
['', '', '14 OZ X', '24 JARS', '', '*THAI*', '51.45', 'CTNS', '', '', '', '0.000', '102.90']
['', '', '', '', '', '', '', '', '', '', '', '', '51.10', '33.2']
['', '', '', '', '', '', '', '', '', '', '', '15.45', '27.0']
['760', 'FD109I', 'MOGU MOGU ORANGE DR. W/', '', '', '5', 'CTNS', '11.45', 'per', 'CTNS', '0.000', '57.25']
['', '', '', '', '', '', '', '', '', '', '', '4.50', '16.1']
['670', 'LP100', 'NP. LIME PASTE (RED)', '', '', '1', 'CTNS', '28.00', 'per', 'CTNS', '0.000', '28.00']
['', '', '', '', '', '', '', '', '', '', '', '10.75', '14.3']
['640', 'DV225', 'LUCKY C BEANCURD STICKS', '', '', '1', 'CTNS', '75.00', 'per', 'CTNS', '0.000', '75.00']
['', '', '', '', '', '', '', '', '', '', '', '272.00', '20.0']
['620', 'RS136B', 'NP BUN TUOI THU DUC', '', '', '34', 'CTNS', '40.00', 'per', 'CTNS', '0.000', '1360.00']
['', '', '', '', '', '', '', '', '', '', '', '45.00', '26.8']
['530', 'PA143AA', 'LAL CRAB PASTE W SOYB OIL', '', '', '3', 'CTNS', '56.00', 'per CTNS', '', '0.000', '168.00']
['Invoice', '#:', '769361', 'Invoice date:', '09/27/18', 'Customer: HONG K', 'HONG KONG SUPERMARKET', 'Sales rep:', '14']
['630', 'DV224', 'LUCKY C BEANCURD SHEET', '', '', '1', 'CTNS', '83.00', 'per', 'CTNS', '0.000', '83.00']
['', '', '5.99 OZ X', '50', '', '71.20', 'CTNS', '', '', '', '0.000', '71.20']
['', '', '', '', '', '', '', '', '', '', '', '11.80', '14.2']
['640', 'DV225', 'LUCKY C BEANCURD STICKS', '', '', '1', 'CTNS', '75.00', 'per', 'CTNS', '0.000', '75.00']
['', '', '5.99 OZ X', '50', '', '64.25', 'CTNS', '', '', '', '0.000', '64.25']
['', '', '', '', '', '', '', '', '', '', '', '10.75', '14.3']
['660', 'FS240', 'MEGACHEF PRE FISH SAUCE', '', '', '60', 'CTNS', '23.00', 'per', 'CTNS', '0.000', '1380.00']
['', '', '23.6 OZ X', '12 BOTTLE', '', '20.50', 'CTNS', '', '', '', '0.000', '1230.00']
['', '', '', '', '', '', '', '', '', '', '', '150.00', '10.9']
['670', 'LP100', 'NP. LIME PASTE (RED)', '', '', '1', 'CTNS', '28.00', 'per', 'CTNS', '0.000', '28.00']
['', '', '4 OZ X', '60 BOXES', '[H8]', '23.50', 'CTNS', '', '', '', '0.000', '23.50']
['', '', '', '', '', '', '', '', '', '', '', '4.50', '16.1']
['690', 'COL108B', 'PAON', '7/8 HAIR REFILL', '#6', '3', 'BOX', '28.50', 'per', 'BOX', '0.000', '85.50']
['', '', '6 PCS X', '1 PACK', '', '24.30', 'BOX', '', '', '', '0.000', '72.90']
['', '', '', '', '', '', '', '', '', '', '', '12.60', '14.7']
['760', 'FD109I', 'MOGU MOGU ORANGE DR. W/', '', '', '5', 'CTNS', '11.45', 'per', 'CTNS', '0.000', '57.25']
['', '', '320ML X', '24 NATA COCO', '*NET', '8.36', 'CTNS', '', '', '', '0.000', '41.80']
['', '', '', '', '', '', '', '', '', '', '', '15.45', '27.0']
['770', 'FD109C', 'MOGU MOGU COCONUT DR. W/', '', '', '5', 'CTNS', '11.45', 'per', 'CTNS', '0.000', '57.25']
['', '', '320ML X', '24 NATA COCO', '*NET', '8.36', 'CTNS', '', '', '', '0.000', '41.80']
['', '', '', '', '', '', '', '', '', '', '', '15.45', '27.0']
['', '', '', '', '', '', '', '', '', '', '', '', '', '108.21-', '0.0']
['980', 'COF109AB', 'TRUNG NGUYEN COFEE', '', '', '', '*50PK', '3', 'CTNS', '0.00', 'per', 'CTNS', '0.000', '0.00']
['', '', '', '', '', '', '', '', '', '', '', '', '', '420.00', '17.3']
['960', 'COF109AA', 'TRUNG NGUYEN COFEE', '', '', '', '*100ST', '60', 'CTNS', '40.50', 'per', 'CTNS', '0.000', '2430.00']
['', '', '', '', '', '', '', '', '', '', '', '', '', '15.85', '35.2']
['930', 'PW225B', 'MAGGI MUSHROOM SEASONING', '', '', '', '', '1', 'CTNS', '45.00', 'per', 'CTNS', '0.000', '45.00']
['', '', '', '', '', '', '', '', '', '', '', '', '', '3.12', '18.4']
['910', 'NO106I', 'SAFOCO CAO CAP NUI', '', '*L*', '1', 'CTNS', '17.00', 'per', 'CTNS', '0.000', '17.00']
['', '', '', '', '', '', '', '', '', '', '', '6.34', '31.7']
['890', 'NO106G', 'SAFOCO RICE MACARONI', '', '*X-T', '1', 'CTNS', '20.00', 'per CTNS', '', '0.000', '20.00']
['Invoice', '#:', '769361', 'Invoice date:', '09/27/18', 'Customer: HONG K', 'HONG KONG SUPERMARKET', 'Sales rep:', '14']
['920', 'NO105C', 'SAFOCO EGG NOODLE THIN', '', '', '', '', '2', 'CTNS', '28.00', 'per', 'CTNS', '0.000', '56.00']
['', '', '500g X', '20 PK', '', 'STRING', '*Nsa', '19.89', 'CTNS', '', '', '', '0.000', '39.78']
['', '', '', '', '', '', '', '', '', '', '', '', '', '16.22', '29.0']
['930', 'PW225B', 'MAGGI MUSHROOM SEASONING', '', '', '', '', '1', 'CTNS', '45.00', 'per', 'CTNS', '0.000', '45.00']
['', '', '7 OZ X', '36 BAGS', '', '', '', '29.15', 'CTNS', '', '', '', '0.000', '29.15']
['', '', '', '', '', '', '', '', '', '', '', '', '', '15.85', '35.2']
['940', 'SS190F', 'MAGGI SOYSAUCE VN', '', '', '', '*CHILI*', '10', 'CTNS', '24.00', 'per', 'CTNS', '0.000', '240.00']
['', '', '200ML X', '24 BT', '', '', '', '12.00', 'CTNS', '', '', '', '0.000', '120.00']
['', '', '', '', '', '', '', '', '', '', '', '', '', '120.00', '50.0']
['960', 'COF109AA', 'TRUNG NGUYEN COFEE', '', '', '', '*100ST', '60', 'CTNS', '40.50', 'per', 'CTNS', '0.000', '2430.00']
['', '', '100ST X', '5', '*TH THIET*', '', '', '33.50', 'CTNS', '', '', '', '0.000', '2010.00']
['', '', '', '', '', '', '', '', '', '', '', '', '', '420.00', '17.3']
['970', 'COF109AB', 'TRUNG NGUYEN COFEE', '', '', '', '*50PK', '30', 'CTNS', '52.00', 'per', 'CTNS', '0.000', '1560.00']
['', '', '50 SAC X', '', '10 BAG', '*TT*', '10+1', '36.07', 'CTNS', '', '', '', '0.000', '1082.10']
['', '', '', '', '', '', '', '', '', '', '', '', '', '477.90', '30.6']
['980', 'COF109AB', 'TRUNG NGUYEN COFEE', '', '', '', '*50PK', '3', 'CTNS', '0.00', 'per', 'CTNS', '0.000', '0.00']
['', '', '50 SAC X', '', '10 BAG', '*TT*', '10+1', '36.07', 'CTNS', '', '', '', '0.000', '108.21']
['', '', '', '', '', '', '', '', '', '', '', '', '', '108.21-', '0.0']
['990', 'COF109AAA', 'TRUNG NGUYEN COFFE', '', '', '', '*50ST', '49', 'CTNS', '46.00', 'per', 'CTNS', '0.000', '2254.00']
['', '', '50 STICK X', '', '10', '*TT*', '', '36.07', 'CTNS', '', '', '', '0.000', '1767.43']
['', '', '', '', '', '', '', '', '', '', '', '', '', '486.57', '21.6']
['', '', '', '', '', '', '', '', '', '', '', '', '', '10.91', '29.5']
['120', 'PW159', 'BAO LONG BUN RIEU FLAVOUR', '', '', '', '', '1', 'CTNS', '37.00', 'per', 'CTNS', '0.000', '37.00']
['', '', '', '', '', '', '', '', '', '', '', '', '', '1070.00', '48.6']
['100', 'CI220', 'CHIN SU CHILI SAUCE', '', '', '', '10+1', '100', 'CTNS', '22.00', 'per', 'CTNS', '0.000', '2200.00']
['', '', '', '', '', '', '', '', '', '', '', '', '', '436.80', '31.7']
['80', 'COF102E', 'KING COFFEE', '', '3in1', '', '88 STICK', '30', 'CTNS', '46.00', 'per', 'CTNS', '0.000', '1380.00']
['', '', '', '', '', '', '', '', '', '', '', '', '', '45.36-', '0.0']
['30', 'COF109DD', 'TRUNG NGUYEN COFFE', '', '', '', '*22+1', '1', 'CTNS', '0.00', 'per', 'CTNS', '0.000', '0.00']
['', '', '', '', '', '', '', '', '', '', '', '', '', '180.35-', '0.0']
['10', 'COF109', 'TRUNG NGUYEN COFFE', '', '', '', '*50PK', '5', 'CTNS', '0.00', 'per CTNS', '', '0.000', '0.00']
['Invoice', '#:', '769361', 'Invoice date:', '09/27/18', 'Customer: HONG K', 'HONG KONG SUPERMARKET', 'Sales rep:', '14']
['40', 'COF109A', 'TRUNG NGUYEN COFFE', '', '', '', '*100ST', '70', 'CTNS', '44.00', 'per', 'CTNS', '0.000', '3080.00']
['', '', '100 X', '5', '3in1 EXPORT', '', '', '34.20', 'CTNS', '', '', '', '0.000', '2394.00']
['', '', '', '', '', '', '', '', '', '', '', '', '', '686.00', '22.3']
['80', 'COF102E', 'KING COFFEE', '', '3in1', '', '88 STICK', '30', 'CTNS', '46.00', 'per', 'CTNS', '0.000', '1380.00']
['', '', '49.7 OZ X', '', '5 BAG', '', '10+3', '31.44', 'CTNS', '', '', '', '0.000', '943.20']
['', '', '', '', '', '', '', '', '', '', '', '', '', '436.80', '31.7']
['90', 'COF102E', 'KING COFFEE', '', '3in1', '', '88 STICK', '9', 'CTNS', '0.00', 'per', 'CTNS', '0.000', '0.00']
['', '', '49.7 OZ X', '', '5 BAG', '', '10+3', '31.44', 'CTNS', '', '', '', '0.000', '282.96']
['', '', '', '', '', '', '', '', '', '', '', '', '', '282.96-', '0.0']
['100', 'CI220', 'CHIN SU CHILI SAUCE', '', '', '', '10+1', '100', 'CTNS', '22.00', 'per', 'CTNS', '0.000', '2200.00']
['', '', '250G X', '24', '', '*TUONG OT*', '', '11.30', 'CTNS', '', '', '', '0.000', '1130.00']
['', '', '', '', '', '', '', '', '', '', '', '', '', '1070.00', '48.6']
['110', 'CI220', 'CHIN SU CHILI SAUCE', '', '', '', '10+1', '10', 'CTNS', '0.00', 'per', 'CTNS', '0.000', '0.00']
['', '', '250G X', '24', '', '*TUONG OT*', '', '11.30', 'CTNS', '', '', '', '0.000', '113.00']
['', '', '', '', '', '', '', '', '', '', '', '', '', '113.00-', '0.0']
['120', 'PW159', 'BAO LONG BUN RIEU FLAVOUR', '', '', '', '', '1', 'CTNS', '37.00', 'per', 'CTNS', '0.000', '37.00']
['', '', '144 BOX', '', '', '*6/7/2020', '', '26.09', 'CTNS', '', '', '', '0.000', '26.09']
['', '', '', '', '', '', '', '', '', '', '', '', '', '10.91', '29.5']
['130', 'PW151', 'BAO LONG HOANH THANH', '', '', '', '*', '1', 'CTNS', '37.00', 'per', 'CTNS', '0.000', '37.00']
['', '', '144 BOX (WONTON)', '', '', '', '*6/7/20', '26.09', 'CTNS', '', '', '', '0.000', '26.09']
['', '', '', '', '', '', '', '', '', '', '', '', '', '10.91', '29.5']
['', '', '', '', '', '', '', '', '', '', '', '', '38.00', '100.0']
['230', 'CR100C', 'SA GIANG POTATO CHIPS', '', '', '', '1', 'CTNS', '38.00', 'per', 'CTNS', '0.000', '38.00']
['', '', '', '', '', '', '', '', '', '', '', '', '90.00', '32.1']
['210', 'COF180', 'CAFE PHO', '3IN1 (BAG)', '', '30TB', '2', 'CTNS', '140.00', 'per', 'CTNS', '0.000', '280.00']
['', '', '', '', '', '', '', '', '', '', '', '', '35.47-', '0.0']
['190', 'COF104CC', 'KING COFFEE ESPRESSO', '', '', '', '1', 'CTNS', '0.00', 'per', 'CTNS', '0.000', '0.00']
['', '', '', '', '', '', '', '', '', '', '', '', '19.34', '35.8']
['170', 'COF104AA', 'KING COFFEE PURE BLACK', '', '', '*S', '2', 'CTNS', '27.00', 'per', 'CTNS', '0.000', '54.00']
['', '', '', '', '', '', '', '', '', '', '', '', '480.00', '100.0']
['150', 'COF102H', 'KING COFFEE', '', '3IN1', '48 SACHS', '10', 'CTNS', '48.00', 'per CTNS', '', '0.000', '480.00']
['Invoice', '#:', '769361', 'Invoice date:', '09/27/18', 'Customer: HONG K', 'HONG KONG SUPERMARKET', 'Sales rep:', '14']
['180', 'COF104CC', 'KING COFFEE ESPRESSO', '', '', '', '5', 'CTNS', '48.00', 'per', 'CTNS', '0.000', '240.00']
['', '', '37.5GRX', '24', '(15 STICK)', '5+1', '35.47', 'CTNS', '', '', '', '0.000', '177.35']
['', '', '', '', '', '', '', '', '', '', '', '', '62.65', '26.1']
['190', 'COF104CC', 'KING COFFEE ESPRESSO', '', '', '', '1', 'CTNS', '0.00', 'per', 'CTNS', '0.000', '0.00']
['', '', '37.5GRX', '24', '(15 STICK)', '5+1', '35.47', 'CTNS', '', '', '', '0.000', '35.47']
['', '', '', '', '', '', '', '', '', '', '', '', '35.47-', '0.0']
['200', 'COF181', 'CAFE PHO', '', '3IN1 (BOX) WORLD', '', '2', 'CTNS', '140.00', 'per', 'CTNS', '0.000', '280.00']
['', '', '24 GM X', '10S X', '60 BOX', 'CUP', '95.00', 'CTNS', '', '', '', '0.000', '190.00']
['', '', '', '', '', '', '', '', '', '', '', '', '90.00', '32.1']
['210', 'COF180', 'CAFE PHO', '3IN1 (BAG)', '', '30TB', '2', 'CTNS', '140.00', 'per', 'CTNS', '0.000', '280.00']
['', '', '24 GM X', '30TB X', '20 BAGS', '', '95.00', 'CTNS', '', '', '', '0.000', '190.00']
['', '', '', '', '', '', '', '', '', '', '', '', '90.00', '32.1']
['220', 'CR100D', 'SA GIANG PHONG KHOAI LAN', '', '', '', '1', 'CTNS', '38.00', 'per', 'CTNS', '0.000', '38.00']
['', '', '200 GR X', '', '55 SWEET POTATO', '', '0.00', 'CTNS', '', '', '', '0.000', '0.00']
['', '', '', '', '', '', '', '', '', '', '', '', '38.00', '100.0']
['230', 'CR100C', 'SA GIANG POTATO CHIPS', '', '', '', '1', 'CTNS', '38.00', 'per', 'CTNS', '0.000', '38.00']
['', '', '200 GR X', '', '55 BX KHOAI TAY', '', '0.00', 'CTNS', '', '', '', '0.000', '0.00']
['', '', '', '', '', '', '', '', '', '', '', '', '38.00', '100.0']
['240', 'NO114', 'SA GIANG BROWN RICE VERMI', '', '', '', '2', 'CTNS', '24.00', 'per', 'CTNS', '0.000', '48.00']
['', '', '7 OZ X', '30 BUN GAO LUC', '', '', '0.00', 'CTNS', '', '', '', '0.000', '0.00']
['', '', '', '', '', '', '', '', '', '', '', '', '48.00', '100.0']
['', '', '', '', '', '', '', '', '', '28.00', '23.3']
['280', 'UT818', 'PALLET', '', '16', 'CTNS', '7.50', 'per CTNS', '0.000', '120.00']
['', '', '', '', '', '', '', '', '', '24.00', '100.0']
['260', 'NO114C', 'SA GIANG BANH PHO SA DEC', '', '1', 'CTNS', '24.00', 'per CTNS', '0.000', '24.00']
['Invoice', '#:', '769361', 'Invoice date:', '09/27/18', 'Customer: HONG K', 'HONG KONG SUPERMARKET', 'Sales rep:', '14']
['260', 'NO114C', 'SA GIANG BANH PHO SA DEC', '', '1', 'CTNS', '24.00', 'per CTNS', '0.000', '24.00']
['', '', '7 OZ X', '20 BAG', '0.00', 'CTNS', '', '', '0.000', '0.00']
['', '', '', '', '', '', '', '', '', '24.00', '100.0']
['270', 'NO114B', 'SA GIANG HU TIEU SA DEC', '', '1', 'CTNS', '24.00', 'per CTNS', '0.000', '24.00']
['', '', '14 OZ X', '20 BG', '0.00', 'CTNS', '', '', '0.000', '0.00']
['', '', '', '', '', '', '', '', '', '24.00', '100.0']
['280', 'UT818', 'PALLET', '', '16', 'CTNS', '7.50', 'per CTNS', '0.000', '120.00']
['', '', 'EACH', '', '5.75', 'CTNS', '', '', '0.000', '92.00']
['', '', '', '', '', '', '', '', '', '28.00', '23.3']
['', '', '', '', '', '', '', 'Invoice totals:', '', '38164.50']
['', '', '', '', '', '', '', '', '', '30639.38']
['', '', '', '', '', '', '', '', '', '7525.12', '19.7']
['', '', '', '', '', '', '', '', '', '', '', '1.25', '17.9']
['70', 'UT818', 'PALLET', '', '', '', '1', 'CTNS', '7.00', 'per CTNS', '0.000', '7.00']
['', '', '', '', '', '', '', '', '', '', '', '34.20-', '0.0']
['50', 'COF109A', 'TRUNG NGUYEN COFFE', '', '', '*100ST', '1', 'CTNS', '0.00', 'per CTNS', '0.000', '0.00']
['', '', '', '', '', '', '', '', '', '', '', '6.00', '14.3']
['20', 'SL101', 'WC MUOI HOT CA NA natural', '', '', '', '2', 'CTNS', '21.00', 'per CTNS', '0.000', '42.00']
['Invoice', '#:', '769362', 'Invoice date:', '09/26/18', 'Customer:', '5', '', '5 STARS TRADING,LLC', 'Sales rep:', '15']
['40', 'COF109A', 'TRUNG NGUYEN COFFE', '', '', '*100ST', '10', 'CTNS', '50.00', 'per CTNS', '0.000', '500.00']
['', '', '100 X', '5', '3in1 EXPORT', '10+1', '34.20', 'CTNS', '', '', '0.000', '342.00']
['', '', '', '', '', '', '', '', '', '', '', '158.00', '31.6']
['50', 'COF109A', 'TRUNG NGUYEN COFFE', '', '', '*100ST', '1', 'CTNS', '0.00', 'per CTNS', '0.000', '0.00']
['', '', '100 X', '5', '3in1 EXPORT', '10+1', '34.20', 'CTNS', '', '', '0.000', '34.20']
['', '', '', '', '', '', '', '', '', '', '', '34.20-', '0.0']
['60', 'FR271', 'FR. AROY-D DURIAN', '', '', '*BOX*', '1', 'CTNS', '260.00', 'per CTNS', '0.000', '260.00']
['', '', '16 OZ X', '', '24 BOX SEEDLESS', '', '173.69', 'CTNS', '', '', '0.000', '173.69']
['', '', '', '', '', '', '', '', '', '', '', '86.31', '33.2']
['70', 'UT818', 'PALLET', '', '', '', '1', 'CTNS', '7.00', 'per CTNS', '0.000', '7.00']
['', '', 'EACH', '', '', '', '5.75', 'CTNS', '', '', '0.000', '5.75']
['', '', '', '', '', '', '', '', '', '', '', '1.25', '17.9']
['', '', '', '', '', '', '', '', '', 'Invoice totals:', '', '1034.00']
['', '', '', '', '', '', '', '', '', '', '', '781.64']
['', '', '', '', '', '', '', '', '', '', '', '252.36', '24.4']
['', '', '', '', '', '', '', '', '', '', '', '', '4.00', '10.8']
['110', 'SF170', 'CALIFORNIA GIRL CRABMEAT', '', '', '', '2', 'CTNS', '18.50', 'per', 'CTNS', '0.000', '37.00']
['', '', '', '', '', '', '', '', '', '', '', '', '66.25', '22.1']
['80', 'COF107BBB', 'NESCAFE VIET', '', '2n1', '*DEN BAG', '5', 'CTNS', '60.00', 'per', 'CTNS', '0.000', '300.00']
['', '', '', '', '', '', '', '', '', '', '', '', '205.70', '35.5']
['60', 'COF109B', 'NESCAFE VIET', '', '3n1', '*SUA DA', '10', 'CTNS', '58.00', 'per', 'CTNS', '0.000', '580.00']
['', '', '', '', '', '', '', '', '', '', '', '', '207.20', '35.7']
['40', 'COF107B', 'NESCAFE VIET', '', '2n1', '*DEN BOX', '10', 'CTNS', '58.00', 'per', 'CTNS', '0.000', '580.00']
['', '', '', '', '', '', '', '', '', '', '', '', '14.22', '26.3']
['20', 'NO105C', 'SAFOCO EGG NOODLE THIN', '', '', '', '2', 'CTNS', '27.00', 'per CTNS', '', '0.000', '54.00']
['Invoice', '#:', '769363', 'Invoice date:', '09/28/18', 'Customer: M024', 'MY THUAN SUPERMARKET', 'Sales rep:', '14']
['50', 'COF107B', 'NESCAFE VIET', '', '2n1', '*DEN BOX', '2', 'CTNS', '0.00', 'per', 'CTNS', '0.000', '0.00']
['', '', '240G/24', '10+2', 'EXP:4/10/19', '', '37.28', 'CTNS', '', '', '', '0.000', '74.56']
['', '', '', '', '', '', '', '', '', '', '', '', '74.56-', '0.0']
['60', 'COF109B', 'NESCAFE VIET', '', '3n1', '*SUA DA', '10', 'CTNS', '58.00', 'per', 'CTNS', '0.000', '580.00']
['', '', '280G/24 EXP:11/19/19', '', '', '10+2', '37.43', 'CTNS', '', '', '', '0.000', '374.30']
['', '', '', '', '', '', '', '', '', '', '', '', '205.70', '35.5']
['70', 'COF109B', 'NESCAFE VIET', '', '3n1', '*SUA DA', '2', 'CTNS', '0.00', 'per', 'CTNS', '0.000', '0.00']
['', '', '280G/24 EXP:11/19/19', '', '', '10+2', '37.43', 'CTNS', '', '', '', '0.000', '74.86']
['', '', '', '', '', '', '', '', '', '', '', '', '74.86-', '0.0']
['80', 'COF107BBB', 'NESCAFE VIET', '', '2n1', '*DEN BAG', '5', 'CTNS', '60.00', 'per', 'CTNS', '0.000', '300.00']
['', '', '560G X', '12BAG', '', '', '46.75', 'CTNS', '', '', '', '0.000', '233.75']
['', '', '', '', '', '', '', '', '', '', '', '', '66.25', '22.1']
['90', 'SU101A', 'AROY-D PALM SUGAR', '', '', '16OZ', '1', 'CTNS', '25.00', 'per', 'CTNS', '0.000', '25.00']
['', '', '16 OZ X', '24 TRAY PACKS', '', '', '19.85', 'CTNS', '', '', '', '0.000', '19.85']
['', '', '', '', '', '', '', '', '', '', '', '', '5.15', '20.6']
['110', 'SF170', 'CALIFORNIA GIRL CRABMEAT', '', '', '', '2', 'CTNS', '18.50', 'per', 'CTNS', '0.000', '37.00']
['', '', '6 OZ X', '12 CANS', '', '', '16.50', 'CTNS', '', '', '', '0.000', '33.00']
['', '', '', '', '', '', '', '', '', '', '', '', '4.00', '10.8']
['120', 'HL104', 'OX & PALM CORNED BEEF', '', '', '*L*', '2', 'CTNS', '108.00', 'per', 'CTNS', '0.000', '216.00']
['', '', '15 OZ X', '24', 'CHUNKY', '', '98.00', 'CTNS', '', '', '', '0.000', '196.00']
['', '', '', '', '', '', '', '', '', '', '', '', '20.00', '9.3']
['', '', '', '', '', '', '', '', '', '', '', '14.00', '36.8']
['230', 'SS222', 'NP NUOC MAU DUA', '', '*12 OZ*', '1', 'CTNS', '38.00', 'per', 'CTNS', '0.000', '38.00']
['', '', '', '', '', '', '', '', '', '', '', '30.00', '100.0']
['210', 'PA146A', 'POR KWAN GV BO KHO SPICY', '', '', '1', 'CTNS', '30.00', 'per', 'CTNS', '0.000', '30.00']
['', '', '', '', '', '', '', '', '', '', '', '28.00', '25.5']
['190', 'PA143AA', 'LAL CRAB PASTE W SOYB OIL', '', '', '2', 'CTNS', '55.00', 'per', 'CTNS', '0.000', '110.00']
['', '', '', '', '', '', '', '', '', '', '', '14.02', '33.4']
['160', 'FD250', 'LAL WHITE BEAN IN BRINE', '', '', '2', 'CTNS', '21.00', 'per', 'CTNS', '0.000', '42.00']
['', '', '', '', '', '', '', '', '', '', '', '12.92', '40.4']
['140', 'MU104A', 'LUCKY STRAW UNPEELED', '', '*M*', '1', 'CTNS', '32.00', 'per CTNS', '', '0.000', '32.00']
['Invoice', '#:', '769363', 'Invoice date:', '09/28/18', 'Customer: M024', 'MY THUAN SUPERMARKET', 'Sales rep:', '14']
['180', 'PA143BB', 'LAL SHRIMP PASTE SOYB OIL', '', '', '2', 'CTNS', '55.00', 'per', 'CTNS', '0.000', '110.00']
['', '', '7 OZ X', '24', '*GACH TOM*', '41.00', 'CTNS', '', '', '', '0.000', '82.00']
['', '', '', '', '', '', '', '', '', '', '', '28.00', '25.5']
['190', 'PA143AA', 'LAL CRAB PASTE W SOYB OIL', '', '', '2', 'CTNS', '55.00', 'per', 'CTNS', '0.000', '110.00']
['', '', '7 OZ X', '24 JARS', '', '41.00', 'CTNS', '', '', '', '0.000', '82.00']
['', '', '', '', '', '', '', '', '', '', '', '28.00', '25.5']
['200', 'PA113B', 'THAI BOY TOM YUM SOUR', '', '8oz', '1', 'CTNS', '33.00', 'per', 'CTNS', '0.000', '33.00']
['', '', '8 OZ X', '24 JAR PASTE', '*S*', '0.00', 'CTNS', '', '', '', '0.000', '0.00']
['', '', '', '', '', '', '', '', '', '', '', '33.00', '100.0']
['210', 'PA146A', 'POR KWAN GV BO KHO SPICY', '', '', '1', 'CTNS', '30.00', 'per', 'CTNS', '0.000', '30.00']
['', '', '8 OZ X', '24 STEW BEEF PASTE', '', '0.00', 'CTNS', '', '', '', '0.000', '0.00']
['', '', '', '', '', '', '', '', '', '', '', '30.00', '100.0']
['220', 'PA143', 'LAL GIA VI BUN RIEU CUA', '', '', '1', 'CTNS', '36.00', 'per', 'CTNS', '0.000', '36.00']
['', '', '7 OZ X', '24 BT PHA SAN', '[B1]', '28.00', 'CTNS', '', '', '', '0.000', '28.00']
['', '', '', '', '', '', '', '', '', '', '', '8.00', '22.2']
['230', 'SS222', 'NP NUOC MAU DUA', '', '*12 OZ*', '1', 'CTNS', '38.00', 'per', 'CTNS', '0.000', '38.00']
['', '', '12 OZ X', '24BT COCO CARAMEL', '', '24.00', 'CTNS', '', '', '', '0.000', '24.00']
['', '', '', '', '', '', '', '', '', '', '', '14.00', '36.8']
['240', 'SS190B', 'MAGGI SOY SAUCE VN LARGE', '', '', '3', 'CTNS', '21.00', 'per', 'CTNS', '0.000', '63.00']
['', '', '700 ML X', '12 BT', '*YELLOW*', '12.00', 'CTNS', '', '', '', '0.000', '36.00']
['', '', '', '', '', '', '', '', '', '', '', '27.00', '42.9']
['', '', '', '', '', '', '', '', '', '', '', '', '8.00', '13.3']
['330', 'PA170', '2 CHICKEN SHRIMP PASTE-L-', '', '', '', '1', 'CTNS', '60.00', 'per', 'CTNS', '0.000', '60.00']
['', '', '', '', '', '', '', '', '', '', '', '', '80.50', '33.5']
['310', 'BS240', 'LAL BBS TIP TIN', '', '*THAI*', '', '10', 'CTNS', '24.00', 'per', 'CTNS', '0.000', '240.00']
['', '', '', '', '', '', '', '', '', '', '', '', '50.00', '34.5']
['290', 'COF180', 'CAFE PHO', '3IN1 (BAG)', '30TB', '', '1', 'CTNS', '145.00', 'per', 'CTNS', '0.000', '145.00']
['', '', '', '', '', '', '', '', '', '', '', '', '12.00', '50.0']
['260', 'SS190F', 'MAGGI SOYSAUCE VN', '', '*CHILI*', '', '1', 'CTNS', '24.00', 'per CTNS', '', '0.000', '24.00']
['Invoice', '#:', '769363', 'Invoice date:', '09/28/18', 'Customer: M024', 'MY THUAN SUPERMARKET', 'Sales rep:', '14']
['', '', '', '', '', '', '', '', '', '', '', '', '50.00', '34.5']
['300', 'COF181', 'CAFE PHO', '3IN1 (BOX) WORLD', '', '', '1', 'CTNS', '145.00', 'per', 'CTNS', '0.000', '145.00']
['', '', '24 GM X', '10S X', '60 BOX', 'CUP', '95.00', 'CTNS', '', '', '', '0.000', '95.00']
['', '', '', '', '', '', '', '', '', '', '', '', '50.00', '34.5']
['310', 'BS240', 'LAL BBS TIP TIN', '', '*THAI*', '', '10', 'CTNS', '24.00', 'per', 'CTNS', '0.000', '240.00']
['', '', '44 LBS/ TIN', '', '', '', '15.95', 'CTNS', '', '', '', '0.000', '159.50']
['', '', '', '', '', '', '', '', '', '', '', '', '80.50', '33.5']
['320', 'BS240', 'LAL BBS TIP TIN', '', '*THAI*', '', '1', 'CTNS', '0.00', 'per', 'CTNS', '0.000', '0.00']
['', '', '44 LBS/ TIN', '', '', '', '15.95', 'CTNS', '', '', '', '0.000', '15.95']
['', '', '', '', '', '', '', '', '', '', '', '', '15.95-', '0.0']
['330', 'PA170', '2 CHICKEN SHRIMP PASTE-L-', '', '', '', '1', 'CTNS', '60.00', 'per', 'CTNS', '0.000', '60.00']
['', '', '12 OZ X', '24', '', '', '52.00', 'CTNS', '', '', '', '0.000', '52.00']
['', '', '', '', '', '', '', '', '', '', '', '', '8.00', '13.3']
['340', 'PA171', '2 CHICKEN SHRIMP PASTE-S-', '', '', '', '1', 'CTNS', '40.00', 'per', 'CTNS', '0.000', '40.00']
['', '', '6 OZ X', '24', '', '', '32.00', 'CTNS', '', '', '', '0.000', '32.00']
['', '', '', '', '', '', '', '', '', '', '', '', '8.00', '20.0']
['', '', '', '', '', '', '', '', '', '', 'Invoice', 'totals:', '3203.00']
['', '', '', '', '', '', '', '', '', '', '', '', '2376.66']
['', '', '', '', '', '', '', '', '', '', '', '', '826.34', '25.8']
['', '', '', '', '', '', '', '', '', '', '', '', '92.00', '28.8']
['100', 'FR710A', 'FR. COOK UNPEEL CORN', '', '', '2 PC', '10', 'CTNS', '32.00', 'per', 'CTNS', '0.000', '320.00']
['', '', '', '', '', '', '', '', '', '', '', '', '4.00', '8.9']
['80', 'SE103', 'JASUN SESAME OIL RED', '', '', '8oz', '1', 'CTNS', '45.00', 'per', 'CTNS', '0.000', '45.00']
['', '', '', '', '', '', '', '', '', '', '', '', '5.25', '10.3']
['60', 'HM107', '', 'OX & PALM LUNCHEON MEAT', '', '', '1', 'CTNS', '51.00', 'per', 'CTNS', '0.000', '51.00']
['', '', '', '', '', '', '', '', '', '', '', '', '120.00', '100.0']
['40', 'CRV001', 'CRV', '/ ALUMINUM CANNED', '', '', '100', 'CTNS', '1.20', 'per', 'CTNS', '0.000', '120.00']
['', '', '', '', '', '', '', '', '', '', '', '', '20.61', '29.4']
['20', 'COF103', '', 'TRUNG NGUYEN G7 COLLAGEN', '', '', '1', 'CTNS', '70.00', 'per CTNS', '', '0.000', '70.00']
['Invoice', '#:', '769364', 'Invoice date:', '09/28/18', 'Customer: S030', 'SAIGON CITY', 'Sales rep:', '14']
['50', 'NT130', 'LAL RED PEANUT', '', '', '', '5', 'CTNS', '54.00', 'per', 'CTNS', '0.000', '270.00']
['', '', '12 OZ. X', '60 BG', '', '*USA*', '38.00', 'CTNS', '', '', '', '0.000', '190.00']
['', '', '', '', '', '', '', '', '', '', '', '', '80.00', '29.6']
['60', 'HM107', '', 'OX & PALM LUNCHEON MEAT', '', '', '1', 'CTNS', '51.00', 'per', 'CTNS', '0.000', '51.00']
['', '', '12 OZ X', '24 CAN', '', '', '45.75', 'CTNS', '', '', '', '0.000', '45.75']
['', '', '', '', '', '', '', '', '', '', '', '', '5.25', '10.3']
['70', 'SS190F', 'MAGGI SOYSAUCE VN', '', '', '*CHILI*', '1', 'CTNS', '24.00', 'per', 'CTNS', '0.000', '24.00']
['', '', '200ML X', '24 BT', '', '', '12.00', 'CTNS', '', '', '', '0.000', '12.00']
['', '', '', '', '', '', '', '', '', '', '', '', '12.00', '50.0']
['80', 'SE103', 'JASUN SESAME OIL RED', '', '', '8oz', '1', 'CTNS', '45.00', 'per', 'CTNS', '0.000', '45.00']
['', '', '8 OZ. X', '24 BOTTLES', '', '', '41.00', 'CTNS', '', '', '', '0.000', '41.00']
['', '', '', '', '', '', '', '', '', '', '', '', '4.00', '8.9']
['90', 'SS190B', '', 'MAGGI SOY SAUCE VN LARGE', '', '', '5', 'CTNS', '21.00', 'per', 'CTNS', '0.000', '105.00']
['', '', '700 ML X', '12 BT', '*YELLOW*', '', '12.00', 'CTNS', '', '', '', '0.000', '60.00']
['', '', '', '', '', '', '', '', '', '', '', '', '45.00', '42.9']
['100', 'FR710A', 'FR. COOK UNPEEL CORN', '', '', '2 PC', '10', 'CTNS', '32.00', 'per', 'CTNS', '0.000', '320.00']
['', '', '2 PCS X', '30 BG', '*LAL FARM*', '', '22.80', 'CTNS', '', '', '', '0.000', '228.00']
['', '', '', '', '', '', '', '', '', '', '', '', '92.00', '28.8']
['110', 'FR703B', '', 'FR. GRATED PURPLE YAM', '', '14z', '5', 'CTNS', '54.00', 'per', 'CTNS', '0.000', '270.00']
['', '', '14OZ X', '40 BG Khoai Mo Bao', '', '', '29.05', 'CTNS', '', '', '', '0.000', '145.25']
['', '', '', '', '', '', '', '', '', '', '', '', '124.75', '46.2']
['Invoice', '#:', '769364', 'Invoice date:', '09/28/18', 'Customer: S030', 'SAIGON CITY', 'Sales rep:', '14']
['Seq# Item/Svc', '#', 'Description-1', 'Qty-shipped', 'Unit price', 'Lin-disc%', 'Ext-price']
['', '', 'Description-2', 'Unit cost', '', 'Ord-disc%', 'Ext-cost']
['', '', '', '', '', '', 'Gross-margin', 'Margin-%']
['', '', '', '', '', 'Invoice totals:', '2195.00']
['', '', '', '', '', '', '1580.89']
['', '', '', '', '', '', '614.11', '28.0']
['', '', '', '', '', '', '', '', '', '', '', '', '3.60', '15.0']
['100', 'AFC112', 'AFC SOY PUDDING-ORIGINAL', '', '', '', '2', 'CTNS', '12.00', 'per', 'CTNS', '0.000', '24.00']
['', '', '', '', '', '', '', '', '', '', '', '', '9.00', '12.0']
['80', 'AFC047', 'AFC TOFU', '', '- MEDIUM FIRM', '', '5', 'CTNS', '15.00', 'per', 'CTNS', '0.000', '75.00']
['', '', '', '', '', '', '', '', '', '', '', '11.25', '13.2']
['60', 'AFC050', 'AFC ORGANIC TOFU-SOFT', '', '', '5', 'CTNS', '17.00', 'per', 'CTNS', '0.000', '85.00']
['', '', '', '', '', '', '', '', '', '', '', '11.25', '13.2']
['40', 'AFC051', 'AFC ORGANIC TOFU-FIRM', '', '', '5', 'CTNS', '17.00', 'per', 'CTNS', '0.000', '85.00']
['', '', '', '', '', '', '', '', '', '', '', '8.00', '9.5']
['20', 'WK108', 'WOO KEE FRESH RICE ROLLS', '', '', '40', 'EACH', '2.10', 'per TRAY', '', '0.000', '84.00']
['Invoice', '#:', '769365', 'Invoice date:', '09/27/18', 'Customer: LEE', '#2', 'LEE LEE ORIENTAL MKT INC.', 'Sales rep:', '17']
['50', 'AFC052', 'AFC ORGANIC TOFU-MEDIUM', '', '', '5', 'CTNS', '17.00', 'per', 'CTNS', '0.000', '85.00']
['', '', '14 OZ X', '12', '', '14.75', 'CTNS', '', '', '', '0.000', '73.75']
['', '', '', '', '', '', '', '', '', '', '', '11.25', '13.2']
['60', 'AFC050', 'AFC ORGANIC TOFU-SOFT', '', '', '5', 'CTNS', '17.00', 'per', 'CTNS', '0.000', '85.00']
['', '', '14 OZ X', '12', '', '14.75', 'CTNS', '', '', '', '0.000', '73.75']
['', '', '', '', '', '', '', '', '', '', '', '11.25', '13.2']
['70', 'AFC048', 'AFC TOFU', '- FIRM', '', '10', 'CTNS', '15.00', 'per', 'CTNS', '0.000', '150.00']
['', '', '19 OZ X', '12', '', '13.20', 'CTNS', '', '', '', '0.000', '132.00']
['', '', '', '', '', '', '', '', '', '', '', '18.00', '12.0']
['80', 'AFC047', 'AFC TOFU', '', '- MEDIUM FIRM', '', '5', 'CTNS', '15.00', 'per', 'CTNS', '0.000', '75.00']
['', '', '19 OZ X', '12', '', '', '13.20', 'CTNS', '', '', '', '0.000', '66.00']
['', '', '', '', '', '', '', '', '', '', '', '', '9.00', '12.0']
['90', 'AFC049', 'AFC TOFU', '- SOFT', '', '', '5', 'CTNS', '15.00', 'per', 'CTNS', '0.000', '75.00']
['', '', '19 OZ X', '12', '', '', '13.20', 'CTNS', '', '', '', '0.000', '66.00']
['', '', '', '', '', '', '', '', '', '', '', '', '9.00', '12.0']
['100', 'AFC112', 'AFC SOY PUDDING-ORIGINAL', '', '', '', '2', 'CTNS', '12.00', 'per', 'CTNS', '0.000', '24.00']
['', '', '10.6 OZ X', '', '12', 'TWIN-PACK', '10.20', 'CTNS', '', '', '', '0.000', '20.40']
['', '', '', '', '', '', '', '', '', '', '', '', '3.60', '15.0']
['110', 'AFC110', 'AFC SOY PUDDING-ALMOND', '', '', '', '2', 'CTNS', '12.00', 'per', 'CTNS', '0.000', '24.00']
['', '', '10.6 OZ X', '', '12', 'TWIN-PACK', '10.20', 'CTNS', '', '', '', '0.000', '20.40']
['', '', '', '', '', '', '', '', '', '', '', '', '3.60', '15.0']
['', '', '', '', '', '', '', '', '', '', '', '', '6.00', '12.5']
['300', 'PW130D', 'CHA BB BOBA POP ROCK', '', '', '', '1', 'CTNS', '48.00', 'per', 'CTNS', '0.000', '48.00']
['', '', '', '', '', '', '', '', '', '', '', '', '6.00', '12.5']
['280', 'PW130B', 'CHA BB BOBA POP ROCK', '', '', '', '1', 'CTNS', '48.00', 'per', 'CTNS', '0.000', '48.00']
['', '', '', '', '', '', '', '', '', '', '', '', '10.40', '17.6']
['170', 'VN110', 'VENUS CHICKEN BALL', '', '', '#203', '0.50', 'CTNS', '118.00', 'per', 'CTNS', '0.000', '59.00']
['', '', '', '', '', '', '', '', '', '', '', '', '3.40', '9.2']
['150', 'AFC120', 'AFC FRIED TOFU CUBES', '', '', '', '1', 'CTNS', '37.00', 'per', 'CTNS', '0.000', '37.00']
['', '', '', '', '', '', '', '', '', '', '', '', '13.50', '9.4']
['130', 'AFC115', 'AFC EGG TOFU', '', '', '', '3', 'CTNS', '48.00', 'per CTNS', '', '0.000', '144.00']
['Invoice', '#:', '769365', 'Invoice date:', '09/27/18', 'Customer: LEE', '#2', 'LEE LEE ORIENTAL MKT INC.', 'Sales rep:', '17']
['160', 'AFC119', 'AFC FRIED TOFU WEDGES', '', '', '', '1', 'CTNS', '37.00', 'per', 'CTNS', '0.000', '37.00']
['', '', '7 OZ X', '24', '#13124', '', '33.60', 'CTNS', '', '', '', '0.000', '33.60']
['', '', '', '', '', '', '', '', '', '', '', '', '3.40', '9.2']
['170', 'VN110', 'VENUS CHICKEN BALL', '', '', '#203', '0.50', 'CTNS', '118.00', 'per', 'CTNS', '0.000', '59.00']
['', '', '8 OZ X', '60 BAGS', '', '', '97.20', 'CTNS', '', '', '', '0.000', '48.60']
['', '', '', '', '', '', '', '', '', '', '', '', '10.40', '17.6']
['270', 'PW130A', 'CHA BB BOBA POP ROCK', '', '', '', '1', 'CTNS', '48.00', 'per', 'CTNS', '0.000', '48.00']
['', '', '7.1 LBS X', '', '4 S-BERRY FLVR', '', '42.00', 'CTNS', '', '', '', '0.000', '42.00']
['', '', '', '', '', '', '', '', '', '', '', '', '6.00', '12.5']
['280', 'PW130B', 'CHA BB BOBA POP ROCK', '', '', '', '1', 'CTNS', '48.00', 'per', 'CTNS', '0.000', '48.00']
['', '', '7.1 LBS X', '', '4 MANGO FLAVOR', '', '42.00', 'CTNS', '', '', '', '0.000', '42.00']
['', '', '', '', '', '', '', '', '', '', '', '', '6.00', '12.5']
['290', 'PW130C', 'CHA BB BOBA POP ROCK', '', '', '', '1', 'CTNS', '48.00', 'per', 'CTNS', '0.000', '48.00']
['', '', '7.1 LBS X', '', '4 PASSIONFRUIT', '', '42.00', 'CTNS', '', '', '', '0.000', '42.00']
['', '', '', '', '', '', '', '', '', '', '', '', '6.00', '12.5']
['300', 'PW130D', 'CHA BB BOBA POP ROCK', '', '', '', '1', 'CTNS', '48.00', 'per', 'CTNS', '0.000', '48.00']
['', '', '7.1 LBS X', '', '4 LYCHEE FLAVOR', '', '42.00', 'CTNS', '', '', '', '0.000', '42.00']
['', '', '', '', '', '', '', '', '', '', '', '', '6.00', '12.5']
['310', 'PW133', 'CHA BB JUICE STRAWBERRY', '', '', '', '1', 'CTNS', '45.00', 'per', 'CTNS', '0.000', '45.00']
['', '', '5 LBS X', '6', '', '', '40.00', 'CTNS', '', '', '', '0.000', '40.00']
['', '', '', '', '', '', '', '', '', '', '', '', '5.00', '11.1']
['', '', '', '', '', '', '', '', '', '', '', '30.00', '8.7']
['180', 'ED171', 'KT NIN JIOM PEI PA KOA', '', '', '3', 'CTNS', '115.00', 'per', 'CTNS', '0.000', '345.00']
['', '', '', '', '', '', '', '', '', '', '', '5.78', '16.4']
['660', 'CF226A', 'LAL TODDY PALM', '', '*SLICED*', '1', 'CTNS', '36.00', 'per', 'CTNS', '2.000', '35.28']
['', '', '', '', '', '', '', '', '', '', '', '4.80', '12.3']
['580', 'BN140', 'YANG J PRESERVE BEAN', '', '', '1', 'CTNS', '39.00', 'per', 'CTNS', '0.000', '39.00']
['', '', '', '', '', '', '', '', '', '', '', '10.00', '11.4']
['550', 'FD107B', 'CHAOKOH COCO JUICE W/MEAT', '', '', '5', 'CTNS', '17.50', 'per', 'CTNS', '0.000', '87.50']
['', '', '', '', '', '', '', '', '', '', '', '5.00', '11.1']
['330', 'PW133E', 'CHA BB JUICE PEACH', '', '', '1', 'CTNS', '45.00', 'per CTNS', '', '0.000', '45.00']
['Invoice', '#:', '769365', 'Invoice date:', '09/27/18', 'Customer: LEE', '#2', 'LEE LEE ORIENTAL MKT INC.', 'Sales rep:', '17']
['560', 'FD340', 'TASTE NIRVANA THAI TEA-B', '', '', '5', 'CTNS', '20.50', 'per', 'CTNS', '0.000', '102.50']
['', '', '9.5 OZ X', '24 BT', '[E34] CRV6', '18.25', 'CTNS', '', '', '', '0.000', '91.25']
['', '', '', '', '', '', '', '', '', '', '', '11.25', '11.0']
['580', 'BN140', 'YANG J PRESERVE BEAN', '', '', '1', 'CTNS', '39.00', 'per', 'CTNS', '0.000', '39.00']
['', '', '16 OZ X', '36 BOXES', '', '34.20', 'CTNS', '', '', '', '0.000', '34.20']
['', '', '', '', '', '', '', '', '', '', '', '4.80', '12.3']
['600', 'BS153', 'LAL BBS TIP', '*SMALL*', '', '5', 'CTNS', '24.00', 'per', 'CTNS', '2.000', '117.60']
['', '', '20 OZ X', '24 CANS', '[A38]', '17.95', 'CTNS', '', '', '', '0.000', '89.75']
['', '', '', '', '', '', '', '', '', '', '', '27.85', '23.7']
['660', 'CF226A', 'LAL TODDY PALM', '', '*SLICED*', '1', 'CTNS', '36.00', 'per', 'CTNS', '2.000', '35.28']
['', '', '20 OZ X', '24 CANS', '[B16]', '29.50', 'CTNS', '', '', '', '0.000', '29.50']
['', '', '', '', '', '', '', '', '', '', '', '5.78', '16.4']
['670', 'CF230', 'LAL PALM SEED', '', '*ATTAP*', '1', 'CTNS', '38.00', 'per', 'CTNS', '2.000', '37.24']
['', '', '20 OZ X', '24 CANS', '[B14]', '34.00', 'CTNS', '', '', '', '0.000', '34.00']
['', '', '', '', '', '', '', '', '', '', '', '3.24', '8.7']
['180', 'ED171', 'KT NIN JIOM PEI PA KOA', '', '', '3', 'CTNS', '115.00', 'per', 'CTNS', '0.000', '345.00']
['', '', '10 OZ X', '24 BT LOQUAT SYRP', '', '105.00', 'CTNS', '', '', '', '0.000', '315.00']
['', '', '', '', '', '', '', '', '', '', '', '30.00', '8.7']
['190', 'UT818', 'TOTAL PALLETS FOR ALL', '', '3', '4', 'CTNS', '0.00', 'per', 'CTNS', '0.000', '0.00']
['', '', 'STORES', '', '', '5.75', 'CTNS', '', '', '', '0.000', '23.00']
['', '', '', '', '', '', '', '', '', '', '', '23.00-', '0.0']
['Invoice', '#:', '769365', 'Invoice date:', '09/27/18', 'Customer: LEE', '#2', 'LEE LEE ORIENTAL MKT INC.', 'Sales rep:', '17']
['Seq# Item/Svc', '#', 'Description-1', 'Qty-shipped', 'Unit price', 'Lin-disc%', 'Ext-price']
['', '', 'Description-2', 'Unit cost', '', 'Ord-disc%', 'Ext-cost']
['', '', '', '', '', '', 'Gross-margin', 'Margin-%']
['', '', '', '', '', 'Invoice totals:', '2530.12']
['', '', '', '', '', '', '2253.55']
['', '', '', '', '', '', '276.57', '10.9']
['', '', '', '', '', '', '', '', '', '', '', '', '11.14', '23.7']
['210', 'BS153', 'LAL BBS TIP', '', '*SMALL*', '', '2', 'CTNS', '24.00', 'per', 'CTNS', '2.000', '47.04']
['', '', '', '', '', '', '', '', '', '', '', '', '35.00', '15.6']
['190', 'FR168', 'SAIGON EGGROLLS SHRIMP &', '', '', '', '1', 'CTNS', '225.00', 'per', 'CTNS', '0.000', '225.00']
['', '', '', '', '', '', '', '', '', '', '', '', '6.00', '12.5']
['90', 'PW130C', 'CHA BB BOBA POP ROCK', '', '', '', '1', 'CTNS', '48.00', 'per', 'CTNS', '0.000', '48.00']
['', '', '', '', '', '', '', '', '', '', '', '', '6.00', '12.5']
['70', 'PW130A', 'CHA BB BOBA POP ROCK', '', '', '', '1', 'CTNS', '48.00', 'per', 'CTNS', '0.000', '48.00']
['', '', '', '', '', '', '', '', '', '', '', '', '4.00', '9.5']
['20', 'WK108', 'WOO KEE FRESH RICE ROLLS', '', '', '', '20', 'EACH', '2.10', 'per TRAY', '', '0.000', '42.00']
['Invoice', '#:', '769366', 'Invoice date:', '09/27/18', 'Customer: LEE', '#3', 'LEE LEE ORIENTAL SUPERMKT', 'Sales rep:', '17']
['80', 'PW130B', 'CHA BB BOBA POP ROCK', '', '', '', '1', 'CTNS', '48.00', 'per', 'CTNS', '0.000', '48.00']
['', '', '7.1 LBS X', '', '4 MANGO FLAVOR', '', '42.00', 'CTNS', '', '', '', '0.000', '42.00']
['', '', '', '', '', '', '', '', '', '', '', '', '6.00', '12.5']
['90', 'PW130C', 'CHA BB BOBA POP ROCK', '', '', '', '1', 'CTNS', '48.00', 'per', 'CTNS', '0.000', '48.00']
['', '', '7.1 LBS X', '', '4 PASSIONFRUIT', '', '42.00', 'CTNS', '', '', '', '0.000', '42.00']
['', '', '', '', '', '', '', '', '', '', '', '', '6.00', '12.5']
['100', 'PW130D', 'CHA BB BOBA POP ROCK', '', '', '', '1', 'CTNS', '48.00', 'per', 'CTNS', '0.000', '48.00']
['', '', '7.1 LBS X', '', '4 LYCHEE FLAVOR', '', '42.00', 'CTNS', '', '', '', '0.000', '42.00']
['', '', '', '', '', '', '', '', '', '', '', '', '6.00', '12.5']
['190', 'FR168', 'SAIGON EGGROLLS SHRIMP &', '', '', '', '1', 'CTNS', '225.00', 'per', 'CTNS', '0.000', '225.00']
['', '', '56z(50ct) X', '', '12', '*S50* PORK', '190.00', 'CTNS', '', '', '', '0.000', '190.00']
['', '', '', '', '', '', '', '', '', '', '', '', '35.00', '15.6']
['200', 'BN140', 'YANG J PRESERVE BEAN', '', '', '', '1', 'CTNS', '39.00', 'per', 'CTNS', '0.000', '39.00']
['', '', '16 OZ X', '36 BOXES', '', '', '34.20', 'CTNS', '', '', '', '0.000', '34.20']
['', '', '', '', '', '', '', '', '', '', '', '', '4.80', '12.3']
['210', 'BS153', 'LAL BBS TIP', '', '*SMALL*', '', '2', 'CTNS', '24.00', 'per', 'CTNS', '2.000', '47.04']
['', '', '20 OZ X', '24 CANS', '', '[A38]', '17.95', 'CTNS', '', '', '', '0.000', '35.90']
['', '', '', '', '', '', '', '', '', '', '', '', '11.14', '23.7']
['240', 'CF226A', 'LAL TODDY PALM', '', '', '*SLICED*', '2', 'CTNS', '36.00', 'per', 'CTNS', '2.000', '70.56']
['', '', '20 OZ X', '24 CANS', '', '[B16]', '29.50', 'CTNS', '', '', '', '0.000', '59.00']
['', '', '', '', '', '', '', '', '', '', '', '', '11.56', '16.4']
['Invoice', '#:', '769366', 'Invoice date:', '09/27/18', 'Customer: LEE', '#3', 'LEE LEE ORIENTAL SUPERMKT', 'Sales rep:', '17']
['Seq# Item/Svc', '#', 'Description-1', 'Qty-shipped', 'Unit price', 'Lin-disc%', 'Ext-price']
['', '', 'Description-2', 'Unit cost', '', 'Ord-disc%', 'Ext-cost']
['', '', '', '', '', '', 'Gross-margin', 'Margin-%']
['', '', '', '', '', 'Invoice totals:', '799.10']
['', '', '', '', '', '', '689.60']
['', '', '', '', '', '', '109.50', '13.7']
['', '', '', '', '', '', '', '', '', '', '4.00', '11.4']
['140', 'FD107B', 'CHAOKOH COCO JUICE W/MEAT', '', '', '2', 'CTNS', '17.50', 'per CTNS', '0.000', '35.00']
['', '', '', '', '', '', '', '', '', '', '4.00', '9.5']
['20', 'WK108', 'WOO KEE FRESH RICE ROLLS', '', '', '20', 'EACH', '2.10', 'per TRAY', '0.000', '42.00']
['Invoice', '#:', '769367', 'Invoice date:', '09/27/18', 'Customer: LEE', '#4', 'LEE LEE MARKET (TUCSON)', 'Sales rep:', '17']
['', '', '', '', '', '', '', '', '', '', '4.00', '9.5']
['30', 'WK106', 'WOO KEE FRESH RICE NOODLE', '', '', '20', 'BAGS', '2.20', 'per BAGS', '0.000', '44.00']
['', '', '26 OZ', 'banh uot mong', '', '2.00', 'BAGS', '', '', '0.000', '40.00']
['', '', '', '', '', '', '', '', '', '', '4.00', '9.1']
['140', 'FD107B', 'CHAOKOH COCO JUICE W/MEAT', '', '', '2', 'CTNS', '17.50', 'per CTNS', '0.000', '35.00']
['', '', '18 OZ/24 CAN CRV002', '', '[D11]', '15.50', 'CTNS', '', '', '0.000', '31.00']
['', '', '', '', '', '', '', '', '', '', '4.00', '11.4']
['150', 'FD119B', 'CARBONATED MELON SODA', '', '', '1', 'CTN', '30.00', 'per CTN', '0.000', '30.00']
['', '', '200 ML X', '30 BT', '[E28] CRV3', '26.50', 'CTN', '', '', '0.000', '26.50']
['', '', '', '', '', '', '', '', '', '', '3.50', '11.7']
['', '', '', '', '', '', '', '', 'Invoice totals:', '', '234.70']
['', '', '', '', '', '', '', '', '', '', '210.20']
['', '', '', '', '', '', '', '', '', '', '24.50', '10.4']
['', '', '', '', '', '', '', '', '', '', '', '', '8.91', '25.5']
['120', 'PW150', 'BAO LONG PHO FLAVOR', '', '', '*', '1', 'CTNS', '35.00', 'per', 'CTNS', '0.000', '35.00']
['', '', '', '', '', '', '', '', '', '', '', '', '29.16', '20.7']
['80', 'COF107B', 'NESCAFE VIET', '', '2n1', '*DEN BOX', '3', 'CTNS', '47.00', 'per', 'CTNS', '0.000', '141.00']
['', '', '', '', '', '', '', '', '', '', '', '', '15.00', '12.8']
['60', 'FR322', 'WEI-C EGG ROLL SHELL', '', '', '', '3', 'CTNS', '39.00', 'per', 'CTNS', '0.000', '117.00']
['', '', '', '', '', '', '', '', '', '', '', '', '27.96', '26.6']
['40', 'FR710B', 'FR. COOK UNPEEL CORN', '', '', '3 PC', '3', 'CTNS', '35.00', 'per', 'CTNS', '0.000', '105.00']
['', '', '', '', '', '', '', '', '', '', '', '', '20.95', '41.9']
['20', 'FR703B', 'FR. GRATED PURPLE YAM', '', '', '14z', '1', 'CTNS', '50.00', 'per CTNS', '', '0.000', '50.00']
['Invoice', '#:', '769368', 'Invoice date:', '09/28/18', 'Customer: S020', 'SAIGON SUPERMARKET', 'Sales rep:', '14']
['50', 'FR385', 'MENLO SPRING ROLL WRAPPER', '', '', '', '3', 'CTNS', '22.50', 'per', 'CTNS', '0.000', '67.50']
['', '', '16 OZ X', '20 BAGS', '', '', '19.65', 'CTNS', '', '', '', '0.000', '58.95']
['', '', '', '', '', '', '', '', '', '', '', '', '8.55', '12.7']
['60', 'FR322', 'WEI-C EGG ROLL SHELL', '', '', '', '3', 'CTNS', '39.00', 'per', 'CTNS', '0.000', '117.00']
['', '', '11 OZ', '(25 PCS) X', '', '40 BAGS', '34.00', 'CTNS', '', '', '', '0.000', '102.00']
['', '', '', '', '', '', '', '', '', '', '', '', '15.00', '12.8']
['70', 'FR326', "O'TASTY SPRING ROLL SHELL", '', '', '', '3', 'CTNS', '32.00', 'per', 'CTNS', '0.000', '96.00']
['', '', '25 PCS X', '', '40 BAGS', '', '29.00', 'CTNS', '', '', '', '0.000', '87.00']
['', '', '', '', '', '', '', '', '', '', '', '', '9.00', '9.4']
['80', 'COF107B', 'NESCAFE VIET', '', '2n1', '*DEN BOX', '3', 'CTNS', '47.00', 'per', 'CTNS', '0.000', '141.00']
['', '', '240G/24', '10+2', '', 'EXP:4/10/19', '37.28', 'CTNS', '', '', '', '0.000', '111.84']
['', '', '', '', '', '', '', '', '', '', '', '', '29.16', '20.7']
['90', 'CO230B', 'BANH LU PETIT BEURRE', '', '', '400G', '1', 'CTNS', '50.00', 'per', 'CTNS', '0.000', '50.00']
['', '', '400g X', '10', '*FRANCE*', "(10'S)", '45.00', 'CTNS', '', '', '', '0.000', '45.00']
['', '', '', '', '', '', '', '', '', '', '', '', '5.00', '10.0']
['120', 'PW150', 'BAO LONG PHO FLAVOR', '', '', '*', '1', 'CTNS', '35.00', 'per', 'CTNS', '0.000', '35.00']
['', '', '144 BOX', '', '', '*6/7/2020', '26.09', 'CTNS', '', '', '', '0.000', '26.09']
['', '', '', '', '', '', '', '', '', '', '', '', '8.91', '25.5']
['130', 'PW161A', 'BAO LONG HU TIEU NAM VANG', '', '', '', '1', 'CTNS', '35.00', 'per', 'CTNS', '0.000', '35.00']
['', '', '144 BOX', '', '', '*6/7/2020', '26.09', 'CTNS', '', '', '', '0.000', '26.09']
['', '', '', '', '', '', '', '', '', '', '', '', '8.91', '25.5']
['', '', '', '', '', '', '', '', '', '', '', '15.26', '34.7']
['250', 'DD147B', 'VT BOT CHIEN CRISPY', '', '', '*L*', '2', 'CTNS', '22.00', 'per', 'CTNS', '0.000', '44.00']
['', '', '', '', '', '', '', '', '', '', '', '', '71.70', '23.5']
['230', 'BS111A', 'NARCISSUS ASPARAGUS', '', '', '*L*', '10', 'EACH', '30.50', 'per', 'CTNS', '0.000', '305.00']
['', '', '', '', '', '', '', '', '', '', '', '', '22.75', '49.5']
['200', 'PW224', 'KNORR PORK SEASON BOT NEM', '', '', '', '1', 'CTNS', '46.00', 'per', 'CTNS', '0.000', '46.00']
['', '', '', '', '', '', '', '', '', '', '', '', '7.70', '40.5']
['180', 'CI220', 'CHIN SU CHILI SAUCE', '', '', '', '1', 'CTNS', '19.00', 'per', 'CTNS', '0.000', '19.00']
['', '', '', '', '', '', '', '', '', '', '', '', '8.91', '25.5']
['150', 'PW157', 'BAO LONG BANH CANH CUA', '', '', '', '1', 'CTNS', '35.00', 'per CTNS', '', '0.000', '35.00']
['Invoice', '#:', '769368', 'Invoice date:', '09/28/18', 'Customer: S020', 'SAIGON SUPERMARKET', 'Sales rep:', '14']
['190', 'PW225', 'AJI-NGON PORK BOUILLON', '', '', '', '1', 'CTNS', '50.00', 'per', 'CTNS', '0.000', '50.00']
['', '', '200 GR X', '48 BG', '', 'SEASONING', '30.75', 'CTNS', '', '', '', '0.000', '30.75']
['', '', '', '', '', '', '', '', '', '', '', '', '19.25', '38.5']
['200', 'PW224', 'KNORR PORK SEASON BOT NEM', '', '', '', '1', 'CTNS', '46.00', 'per', 'CTNS', '0.000', '46.00']
['', '', '2LB X', '8', 'XUONG HEO', '', '23.25', 'CTNS', '', '', '', '0.000', '23.25']
['', '', '', '', '', '', '', '', '', '', '', '', '22.75', '49.5']
['220', 'EG102A', 'TW PRESERVED DUCK EGG', '', '', '', '1', 'CTNS', '68.00', 'per', 'CTNS', '0.000', '68.00']
['', '', '4 PCS X', '36 BOX LA LUCKY', '', '', '55.50', 'CTNS', '', '', '', '0.000', '55.50']
['', '', '', '', '', '', '', '', '', '', '', '', '12.50', '18.4']
['230', 'BS111A', 'NARCISSUS ASPARAGUS', '', '', '*L*', '10', 'EACH', '30.50', 'per', 'CTNS', '0.000', '305.00']
['', '', '28.5OZ X', '12', '*L CROWN', '10+2', '23.33', 'EACH', '', '', '', '0.000', '233.30']
['', '', '', '', '', '', '', '', '', '', '', '', '71.70', '23.5']
['240', 'BS111A', 'NARCISSUS ASPARAGUS', '', '', '*L*', '3', 'EACH', '0.00', 'per', 'CTNS', '0.000', '0.00']
['', '', '28.5OZ X', '12', '*L CROWN', '10+2', '23.33', 'EACH', '', '', '', '0.000', '69.99']
['', '', '', '', '', '', '', '', '', '', '', '', '69.99-', '0.0']
['250', 'DD147B', 'VT BOT CHIEN CRISPY', '', '', '*L*', '2', 'CTNS', '22.00', 'per', 'CTNS', '0.000', '44.00']
['', '', '35.3 OZ X', '10', 'POWDER MIX', '14.37', 'CTNS', '', '', '', '0.000', '28.74']
['', '', '', '', '', '', '', '', '', '', '', '15.26', '34.7']
['260', 'PW621A', 'THUAN P SUONG SAO', '', '*BLACK*', '1', 'CTNS', '80.00', 'per', 'CTNS', '0.000', '80.00']
['', '', '50 G X', '100 BG GRASS JELLY', '', '58.50', 'CTNS', '', '', '', '0.000', '58.50']
['', '', '', '', '', '', '', '', '', '', '', '21.50', '26.9']
['', '', '', '', '', '', '', '', '', '', '', '24.00', '40.0']
['360', 'SS190B', 'MAGGI SOY SAUCE VN LARGE', '', '', '3', 'CTNS', '20.00', 'per', 'CTNS', '0.000', '60.00']
['', '', '', '', '', '', '', '', '', '', '', '8.00', '11.1']
['340', 'FP146', 'PAGOLAC MAM NEM PHA SAN', '', '', '2', 'CTNS', '36.00', 'per', 'CTNS', '0.000', '72.00']
['', '', '', '', '', '', '', '', '', '', '', '9.09', '25.3']
['320', 'PA117', 'LAL TAMARIND CONCENTRATE', '', '', '1', 'CTNS', '36.00', 'per', 'CTNS', '0.000', '36.00']
['', '', '', '', '', '', '', '', '', '', '', '14.00', '25.5']
['300', 'PA143AA', 'LAL CRAB PASTE W SOYB OIL', '', '', '1', 'CTNS', '55.00', 'per', 'CTNS', '0.000', '55.00']
['', '', '', '', '', '', '', '', '', '', '', '14.37', '22.8']
['280', 'DD141', 'VT BOT BANH XEO', '', '', '3', 'CTNS', '21.00', 'per CTNS', '', '0.000', '63.00']
['Invoice', '#:', '769368', 'Invoice date:', '09/28/18', 'Customer: S020', 'SAIGON SUPERMARKET', 'Sales rep:', '14']
['310', 'PA113B', 'THAI BOY TOM YUM SOUR', '', '8oz', '1', 'CTNS', '33.00', 'per', 'CTNS', '0.000', '33.00']
['', '', '8 OZ X', '24 JAR PASTE', '*S*', '0.00', 'CTNS', '', '', '', '0.000', '0.00']
['', '', '', '', '', '', '', '', '', '', '', '33.00', '100.0']
['320', 'PA117', 'LAL TAMARIND CONCENTRATE', '', '', '1', 'CTNS', '36.00', 'per', 'CTNS', '0.000', '36.00']
['', '', '16OZ/24B nuoc me chua[A19', '', '', '26.91', 'CTNS', '', '', '', '0.000', '26.91']
['', '', '', '', '', '', '', '', '', '', '', '9.09', '25.3']
['330', 'SS222', 'NP NUOC MAU DUA', '', '*12 OZ*', '1', 'CTNS', '38.00', 'per', 'CTNS', '0.000', '38.00']
['', '', '12 OZ X', '24BT COCO CARAMEL', '', '24.00', 'CTNS', '', '', '', '0.000', '24.00']
['', '', '', '', '', '', '', '', '', '', '', '14.00', '36.8']
['340', 'FP146', 'PAGOLAC MAM NEM PHA SAN', '', '', '2', 'CTNS', '36.00', 'per', 'CTNS', '0.000', '72.00']
['', '', '12.5 OZ X', '12 BT', '', '32.00', 'CTNS', '', '', '', '0.000', '64.00']
['', '', '', '', '', '', '', '', '', '', '', '8.00', '11.1']
['350', 'FP149A', 'ANH HONG MAM NEM PHA SAN', '', '', '1', 'CTNS', '36.00', 'per', 'CTNS', '0.000', '36.00']
['', '', '12.5 OZ X', '12 BT', '', '32.00', 'CTNS', '', '', '', '0.000', '32.00']
['', '', '', '', '', '', '', '', '', '', '', '4.00', '11.1']
['360', 'SS190B', 'MAGGI SOY SAUCE VN LARGE', '', '', '3', 'CTNS', '20.00', 'per', 'CTNS', '0.000', '60.00']
['', '', '700 ML X', '12 BT', '*YELLOW*', '12.00', 'CTNS', '', '', '', '0.000', '36.00']
['', '', '', '', '', '', '', '', '', '', '', '24.00', '40.0']
['370', 'SS190D', 'MAGGI SOYSAUCE VN DARK LG', '', '', '3', 'CTNS', '21.00', 'per', 'CTNS', '0.000', '63.00']
['', '', '700ML X', '12 BT', '*DAM DAC*', '13.75', 'CTNS', '', '', '', '0.000', '41.25']
['', '', '', '', '', '', '', '', '', '', '', '21.75', '34.5']
['', '', '', '', '', '', '', '', '', '', '', '', '5.00', '12.5']
['490', 'NO249B', 'MI BINH TAY', '2 CUA', '', '*10 PK*', '2', 'CTNS', '20.00', 'per', 'CTNS', '0.000', '40.00']
['', '', '', '', '', '', '', '', '', '', '', '', '6.10', '33.9']
['460', 'NO106O', 'SAFOCO VEGE MACARONI T-RC', '', '', '', '1', 'CTNS', '18.00', 'per', 'CTNS', '0.000', '18.00']
['', '', '', '', '', '', '', '', '', '', '', '', '7.11', '26.3']
['440', 'NO105C', 'SAFOCO EGG NOODLE THIN', '', '', '', '1', 'CTNS', '27.00', 'per', 'CTNS', '0.000', '27.00']
['', '', '', '', '', '', '', '', '', '', '', '', '25.00', '100.0']
['420', 'FS200A', 'RED BOAT FISH SAUCE', '', '*S*', '', '1', 'CTNS', '25.00', 'per', 'CTNS', '0.000', '25.00']
['', '', '', '', '', '', '', '', '', '', '', '', '11.28', '18.2']
['400', 'PC131', 'NP PICKLED LEEK', '', '*14 OZ*', '', '1', 'CTNS', '62.00', 'per CTNS', '', '0.000', '62.00']
['Invoice', '#:', '769368', 'Invoice date:', '09/28/18', 'Customer: S020', 'SAIGON SUPERMARKET', 'Sales rep:', '14']
['', '', '', '', '', '', '', '', '', '', '', '', '25.00', '100.0']
['430', 'NO105D', 'SAFOCO EGG NOODLE THICK', '', '', '', '1', 'CTNS', '27.00', 'per', 'CTNS', '0.000', '27.00']
['', '', '500g X', '20 PK', 'STRING', '*Lsa', '19.89', 'CTNS', '', '', '', '0.000', '19.89']
['', '', '', '', '', '', '', '', '', '', '', '', '7.11', '26.3']
['440', 'NO105C', 'SAFOCO EGG NOODLE THIN', '', '', '', '1', 'CTNS', '27.00', 'per', 'CTNS', '0.000', '27.00']
['', '', '500g X', '20 PK', 'STRING', '*Nsa', '19.89', 'CTNS', '', '', '', '0.000', '19.89']
['', '', '', '', '', '', '', '', '', '', '', '', '7.11', '26.3']
['450', 'NO105A', 'SAFOCO MI XAO CAO CAP', '', '', '', '3', 'CTNS', '16.50', 'per', 'CTNS', '0.000', '49.50']
['', '', '500g X', '10 PK', '', '', '11.23', 'CTNS', '', '', '', '0.000', '33.69']
['', '', '', '', '', '', '', '', '', '', '', '', '15.81', '31.9']
['460', 'NO106O', 'SAFOCO VEGE MACARONI T-RC', '', '', '', '1', 'CTNS', '18.00', 'per', 'CTNS', '0.000', '18.00']
['', '', '7 OZ X', '20 BG', '*NUI RAU CU', '', '11.90', 'CTNS', '', '', '', '0.000', '11.90']
['', '', '', '', '', '', '', '', '', '', '', '', '6.10', '33.9']
['470', 'NO106P', 'SAFOCO VEGE MACARONI SORC', '', '', '', '1', 'CTNS', '32.00', 'per', 'CTNS', '0.000', '32.00']
['', '', '500 G X', '20 BG', '*NUI RAU CU', '', '21.75', 'CTNS', '', '', '', '0.000', '21.75']
['', '', '', '', '', '', '', '', '', '', '', '', '10.25', '32.0']
['490', 'NO249B', 'MI BINH TAY', '2 CUA', '', '*10 PK*', '2', 'CTNS', '20.00', 'per', 'CTNS', '0.000', '40.00']
['', '', '70 GR X', '100 BG', '', '*2 CRAB*', '17.50', 'CTNS', '', '', '', '0.000', '35.00']
['', '', '', '', '', '', '', '', '', '', '', '', '5.00', '12.5']
['Invoice', '#:', '769368', 'Invoice date:', '09/28/18', 'Customer: S020', 'SAIGON SUPERMARKET', 'Sales rep:', '14']
['Seq# Item/Svc', '', '#', 'Description-1', '', 'Qty-shipped', 'Unit price', 'Lin-disc%', 'Ext-price']
['', '', '', 'Description-2', '', 'Unit cost', '', 'Ord-disc%', 'Ext-cost']
['', '', '', '', '', '', '', '', 'Gross-margin', 'Margin-%']
['', '', '', '', '', '', '', 'Invoice totals:', '2549.50']
['', '', '', '', '', '', '', '', '1937.67']
['', '', '', '', '', '', '', '', '611.83', '24.0']
['', '', '', '', '', '', '', '', '', '', '', '', '', '4.54', '10.6']
['120', 'TE154', 'CHINA SLIM TEA', '', '', '', '*LADY SIT*', '1', 'CTNS', '43.00', 'per', 'CTNS', '0.000', '43.00']
['', '', '', '', '', '', '', '', '', '', '', '', '', '1.20', '100.0']
['100', 'CRV002', 'CRV', '/', '', '24 BIMETAL CANNED', '', '1', 'CTNS', '1.20', 'per', 'CTNS', '0.000', '1.20']
['', '', '', '', '', '', '', '', '', '', '', '', '', '1.50', '8.3']
['80', 'SS183', 'KKM SOY SAUCE', '', '', '', '5 OZ TB', '1', 'CTNS', '18.00', 'per', 'CTNS', '0.000', '18.00']
['', '', '', '', '', '', '', '', '', '', '', '', '', '3.00', '8.1']
['40', 'CI110', '', 'HUY FONG CHILI GARLIC', '', '', '*M*', '2', 'CTNS', '18.50', 'per', 'CTNS', '0.000', '37.00']
['', '', '', '', '', '', '', '', '', '', '', '', '', '7.50', '8.1']
['20', 'CI121', 'SRIRACHA CHILI SAUCE', '', '', '', '*S*', '5', 'CTNS', '18.50', 'per CTNS', '', '0.000', '92.50']
['Invoice', '#:', '769369', 'Invoice date:', '09/28/18', 'Customer: KC', '', 'K.C SASIYA INC', '', 'Sales rep:', '15']
['70', 'CF211', 'AROY-D LYCHEE SYRUP', '', '', '', '', '1', 'CTNS', '45.00', 'per', 'CTNS', '0.000', '45.00']
['', '', '20 OZ X', '', '', '24 (SHORT)', '', '28.85', 'CTNS', '', '', '', '0.000', '28.85']
['', '', '', '', '', '', '', '', '', '', '', '', '', '16.15', '35.9']
['80', 'SS183', 'KKM SOY SAUCE', '', '', '', '5 OZ TB', '1', 'CTNS', '18.00', 'per', 'CTNS', '0.000', '18.00']
['', '', '5 OZ X', '', '', '12 TABLE DISPENSER', '', '16.50', 'CTNS', '', '', '', '0.000', '16.50']
['', '', '', '', '', '', '', '', '', '', '', '', '', '1.50', '8.3']
['90', 'FD107B', '', 'CHAOKOH COCO JUICE W/MEAT', '', '', '', '1', 'CTNS', '17.50', 'per', 'CTNS', '0.000', '17.50']
['', '', '18 OZ/24 CAN CRV002', '', '', '', '[D11]', '15.50', 'CTNS', '', '', '', '0.000', '15.50']
['', '', '', '', '', '', '', '', '', '', '', '', '', '2.00', '11.4']
['100', 'CRV002', 'CRV', '/', '', '24 BIMETAL CANNED', '', '1', 'CTNS', '1.20', 'per', 'CTNS', '0.000', '1.20']
['', '', '24 CANNED X', '', '', '24 OZ under', '', '0.00', 'CTNS', '', '', '', '0.000', '0.00']
['', '', '', '', '', '', '', '', '', '', '', '', '', '1.20', '100.0']
['110', 'PW125', 'NESTLE MILO POWDER', '', '', '', '', '1', 'CTNS', '89.00', 'per', 'CTNS', '0.000', '89.00']
['', '', '14 OZ X', '', '', '24 CAN', 'may/2019', '79.00', 'CTNS', '', '', '', '0.000', '79.00']
['', '', '', '', '', '', '', '', '', '', '', '', '', '10.00', '11.2']
['120', 'TE154', 'CHINA SLIM TEA', '', '', '', '*LADY SIT*', '1', 'CTNS', '43.00', 'per', 'CTNS', '0.000', '43.00']
['', '', '72 TBAGS X', '', '', '12 BOXES', '', '38.46', 'CTNS', '', '', '', '0.000', '38.46']
['', '', '', '', '', '', '', '', '', '', '', '', '', '4.54', '10.6']
['140', 'COL002', 'BIGEN', '', '#47', '*MED. CHESTNUT*', '', '2', 'DOZ', '33.00', 'per', 'DOZ', '0.000', '66.00']
['', '', 'DOZ', '', '', '', '', '30.00', 'DOZ', '', '', '', '0.000', '60.00']
['', '', '', '', '', '', '', '', '', '', '', '', '', '6.00', '9.1']
['', '', '', '', '', '', '', '', '', '', '3.00', '9.1']
['160', 'COL101', 'BIGEN', '#57', '*DARK BROWN*', '1', 'DOZ.', '33.00', 'per DOZ.', '0.000', '33.00']
['Invoice', '#:', '769369', 'Invoice date:', '09/28/18', 'Customer: KC', '', 'K.C SASIYA INC', '', 'Sales rep:', '15']
['', '', '', '', '', '', '', '', '', '', '3.00', '9.1']
['160', 'COL101', 'BIGEN', '#57', '*DARK BROWN*', '1', 'DOZ.', '33.00', 'per DOZ.', '0.000', '33.00']
['', '', '1 DOZEN', '', '', '30.00', 'DOZ.', '', '', '0.000', '30.00']
['', '', '', '', '', '', '', '', '', '', '3.00', '9.1']
['170', 'COL103', 'BIGEN', '#59', '*ORIENTAL BLK*', '2', 'DOZ', '33.00', 'per DOZ', '0.000', '66.00']
['', '', '1 DOZEN', '', '', '30.00', 'DOZ', '', '', '0.000', '60.00']
['', '', '', '', '', '', '', '', '', '', '6.00', '9.1']
['', '', '', '', '', '', '', '', 'Invoice totals:', '', '631.20']
['', '', '', '', '', '', '', '', '', '', '559.31']
['', '', '', '', '', '', '', '', '', '', '71.89', '11.4']
['', '', '', '', '', '', '', '', '', '', '', '', '21.08', '31.9']
['120', 'NO105A', 'SAFOCO MI XAO CAO CAP', '', '', '', '4', 'CTNS', '16.50', 'per', 'CTNS', '0.000', '66.00']
['', '', '', '', '', '', '', '', '', '', '', '', '4.50', '32.1']
['100', 'CC140', 'LAL COCONUT JUICE', '', '', '', '1', 'CTNS', '14.00', 'per', 'CTNS', '0.000', '14.00']
['', '', '', '', '', '', '', '', '', '', '', '', '103.60', '35.7']
['80', 'COF107B', 'NESCAFE VIET', '', '2n1', '*DEN BOX', '5', 'CTNS', '58.00', 'per', 'CTNS', '0.000', '290.00']
['', '', '', '', '', '', '', '', '', '', '', '', '5.00', '13.9']
['60', 'CF161', 'LAL QUAIL EGGS trung cuc', '', '', '', '1', 'CTNS', '36.00', 'per', 'CTNS', '0.000', '36.00']
['', '', '', '', '', '', '', '', '', '', '', '', '50.00', '34.5']
['30', 'COF181', 'CAFE PHO', '3IN1 (BOX) WORLD', '', '', '1', 'CTNS', '145.00', 'per CTNS', '', '0.000', '145.00']
['Invoice', '#:', '769370', 'Invoice date:', '09/28/18', 'Customer: B002', 'BEST CHOICE MARKETPLACE', 'Sales rep:', '14']
['70', 'FP205', 'NP CA PHAO CHUA NGOT', '', '', '', '2', 'CTNS', '36.00', 'per', 'CTNS', '0.000', '72.00']
['', '', '12.9 OZ X', '24', '', '*NP007*', '21.12', 'CTNS', '', '', '', '0.000', '42.24']
['', '', '', '', '', '', '', '', '', '', '', '', '29.76', '41.3']
['80', 'COF107B', 'NESCAFE VIET', '', '2n1', '*DEN BOX', '5', 'CTNS', '58.00', 'per', 'CTNS', '0.000', '290.00']
['', '', '240G/24', '10+2', 'EXP:4/10/19', '', '37.28', 'CTNS', '', '', '', '0.000', '186.40']
['', '', '', '', '', '', '', '', '', '', '', '', '103.60', '35.7']
['90', 'COF107B', 'NESCAFE VIET', '', '2n1', '*DEN BOX', '1', 'CTNS', '0.00', 'per', 'CTNS', '0.000', '0.00']
['', '', '240G/24', '10+2', 'EXP:4/10/19', '', '37.28', 'CTNS', '', '', '', '0.000', '37.28']
['', '', '', '', '', '', '', '', '', '', '', '', '37.28-', '0.0']
['100', 'CC140', 'LAL COCONUT JUICE', '', '', '', '1', 'CTNS', '14.00', 'per', 'CTNS', '0.000', '14.00']
['', '', '14 OZ X', '24 DUA KHO THIT', '', '', '9.50', 'CTNS', '', '', '', '0.000', '9.50']
['', '', '', '', '', '', '', '', '', '', '', '', '4.50', '32.1']
['110', 'SF193', 'LAL MINCE CRAB IN SPICES', '', '', '', '1', 'CTN', '42.00', 'per', 'CTN', '0.000', '42.00']
['', '', '5.6oz/48 RIEU CUA', '', '', '[B9]', '32.30', 'CTN', '', '', '', '0.000', '32.30']
['', '', '', '', '', '', '', '', '', '', '', '', '9.70', '23.1']
['120', 'NO105A', 'SAFOCO MI XAO CAO CAP', '', '', '', '4', 'CTNS', '16.50', 'per', 'CTNS', '0.000', '66.00']
['', '', '500g X', '10 PK', '', '', '11.23', 'CTNS', '', '', '', '0.000', '44.92']
['', '', '', '', '', '', '', '', '', '', '', '', '21.08', '31.9']
['130', 'NO105C', 'SAFOCO EGG NOODLE THIN', '', '', '', '1', 'CTNS', '27.00', 'per', 'CTNS', '0.000', '27.00']
['', '', '500g X', '20 PK', 'STRING', '*Nsa', '19.89', 'CTNS', '', '', '', '0.000', '19.89']
['', '', '', '', '', '', '', '', '', '', '', '', '7.11', '26.3']
['', '', '', '', '', '', '', '', '', '', '', '', '29.30', '26.9']
['260', 'BS240', 'LAL BBS TIP TIN', '', '*THAI*', '', '5', 'CTNS', '21.81', 'per', 'CTNS', '0.000', '109.05']
['', '', '', '', '', '', '', '', '', '', '', '', '39.15', '46.1']
['210', 'PE113', 'NP BLACK PEPPER POWDER', '', '', '', '1', 'CTNS', '85.00', 'per', 'CTNS', '0.000', '85.00']
['', '', '', '', '', '', '', '', '', '', '', '', '8.00', '20.0']
['190', 'PA171', '2 CHICKEN SHRIMP PASTE-S-', '', '', '', '1', 'CTNS', '40.00', 'per', 'CTNS', '0.000', '40.00']
['', '', '', '', '', '', '', '', '', '', '', '', '10.72', '26.8']
['170', 'RP111', 'BANH TRANG MY THO', '', '*22CM*', '', '1', 'CTNS', '40.00', 'per', 'CTNS', '0.000', '40.00']
['', '', '', '', '', '', '', '', '', '', '', '10.81', '19.3']
['150', 'VE130', 'KASET BEAN THREAD', '', '*THAI*', '1', 'CTNS', '56.00', 'per CTNS', '', '0.000', '56.00']
['Invoice', '#:', '769370', 'Invoice date:', '09/28/18', 'Customer: B002', 'BEST CHOICE MARKETPLACE', 'Sales rep:', '14']
['180', 'PA170', '2 CHICKEN SHRIMP PASTE-L-', '', '', '', '1', 'CTNS', '60.00', 'per', 'CTNS', '0.000', '60.00']
['', '', '12 OZ X', '24', '', '', '52.00', 'CTNS', '', '', '', '0.000', '52.00']
['', '', '', '', '', '', '', '', '', '', '', '', '8.00', '13.3']
['190', 'PA171', '2 CHICKEN SHRIMP PASTE-S-', '', '', '', '1', 'CTNS', '40.00', 'per', 'CTNS', '0.000', '40.00']
['', '', '6 OZ X', '24', '', '', '32.00', 'CTNS', '', '', '', '0.000', '32.00']
['', '', '', '', '', '', '', '', '', '', '', '', '8.00', '20.0']
['200', 'DS101', 'LAL MUOI TOM SALT CHILI', '', '', '', '1', 'CTNS', '34.00', 'per', 'CTNS', '0.000', '34.00']
['', '', '5.25 OZ X', '24 JARS', 'POWDER', '', '22.00', 'CTNS', '', '', '', '0.000', '22.00']
['', '', '', '', '', '', '', '', '', '', '', '', '12.00', '35.3']
['210', 'PE113', 'NP BLACK PEPPER POWDER', '', '', '', '1', 'CTNS', '85.00', 'per', 'CTNS', '0.000', '85.00']
['', '', '7 OZ X', '24 JARS', '', '', '45.85', 'CTNS', '', '', '', '0.000', '45.85']
['', '', '', '', '', '', '', '', '', '', '', '', '39.15', '46.1']
['240', 'SS190F', 'MAGGI SOYSAUCE VN', '', '*CHILI*', '', '1', 'CTNS', '24.00', 'per', 'CTNS', '0.000', '24.00']
['', '', '200ML X', '24 BT', '', '', '12.00', 'CTNS', '', '', '', '0.000', '12.00']
['', '', '', '', '', '', '', '', '', '', '', '', '12.00', '50.0']
['260', 'BS240', 'LAL BBS TIP TIN', '', '*THAI*', '', '5', 'CTNS', '21.81', 'per', 'CTNS', '0.000', '109.05']
['', '', '44 LBS/ TIN', '', '', '', '15.95', 'CTNS', '', '', '', '0.000', '79.75']
['', '', '', '', '', '', '', '', '', '', '', '', '29.30', '26.9']
['270', 'BS242', 'LAL BBS STRIP TIN', '', '', '', '5', 'CTNS', '22.00', 'per', 'CTNS', '0.000', '110.00']
['', '', '44 LBS/ TIN', '*THAILAND*', '', '', '14.25', 'CTNS', '', '', '', '0.000', '71.25']
['', '', '', '', '', '', '', '', '', '', '', '', '38.75', '35.2']
['Invoice', '#:', '769370', 'Invoice date:', '09/28/18', 'Customer: B002', 'BEST CHOICE MARKETPLACE', 'Sales rep:', '14']
['Seq# Item/Svc', '#', 'Description-1', 'Qty-shipped', 'Unit price', 'Lin-disc%', 'Ext-price']
['', '', 'Description-2', 'Unit cost', '', 'Ord-disc%', 'Ext-cost']
['', '', '', '', '', '', 'Gross-margin', 'Margin-%']
['', '', '', '', '', 'Invoice totals:', '1542.05']
['', '', '', '', '', '', '1095.74']
['', '', '', '', '', '', '446.31', '28.9']
['Invoice', '#:', '769371', 'Invoice date:', '09/28/18', 'Customer: LD', '', 'L.D. FOODS CORP', 'Sales rep:', '5']
['', '', '', '', '', '', 'Gross-margin', 'Margin-%']
['10', 'DD143', 'VT BOT GAO', '', '20', 'EACH', '15.00', 'per CTNS', '0.000', '300.00']
['', '', '16 OZ X', '20', '11.26', 'EACH', '', '', '0.000', '225.20']
['', '', '', '', '', '', '', '', '', '74.80', '24.9']
['', '', '', '', '', '', '', 'Invoice totals:', '', '300.00']
['', '', '', '', '', '', '', '', '', '225.20']
['', '', '', '', '', '', '', '', '', '74.80', '24.9']
['', '', '', '', '', '', '', '', '', '', '', '', '5.00', '11.1']
['110', 'SE123', 'KADOYA SESAME OIL', '', '', '5.5 OZ', '1', 'CTNS', '45.00', 'per', 'CTNS', '0.000', '45.00']
['', '', '', '', '', '', '', '', '', '', '', '', '3.00', '9.7']
['90', 'VI100', 'CHINKIANG VINEGAR', '', '', '', '1', 'CTNS', '31.00', 'per', 'CTNS', '0.000', '31.00']
['', '', '', '', '', '', '', '', '', '', '', '', '9.00', '18.8']
['70', 'CC113', 'AROY-D UHT COCONUT CREAM', '', '', '', '2', 'CTNS', '24.00', 'per', 'CTNS', '0.000', '48.00']
['', '', '', '', '', '', '', '', '', '', '', '', '12.72', '27.7']
['50', 'BS122', 'AROY-D BBS STRIP', '', '', '19oz', '2', 'CTNS', '23.00', 'per', 'CTNS', '0.000', '46.00']
['', '', '', '', '', '', '', '', '', '', '', '', '9.80', '25.1']
['20', 'FR110C', 'FR. CHILI OT TUOI X-SPICY', '', '', '', '1', 'CTNS', '39.00', 'per CTNS', '', '0.000', '39.00']
['Invoice', '#:', '769372', 'Invoice date:', '09/27/18', 'Customer: APV', 'ASIAN MARKET COMPANY', '', 'Sales rep:', '7']
['60', 'CC105', 'AROY-D ORGANIC COCO', '', '', '14oz', '1', 'CTNS', '30.00', 'per', 'CTNS', '0.000', '30.00']
['', '', '14 OZ X', '', '24 CANS MILK', '10+1', '22.00', 'CTNS', '', '', '', '0.000', '22.00']
['', '', '', '', '', '', '', '', '', '', '', '', '8.00', '26.7']
['70', 'CC113', 'AROY-D UHT COCONUT CREAM', '', '', '', '2', 'CTNS', '24.00', 'per', 'CTNS', '0.000', '48.00']
['', '', '33.8Z X', '12 PACK', '', '*1000ML*', '19.50', 'CTNS', '', '', '', '0.000', '39.00']
['', '', '', '', '', '', '', '', '', '', '', '', '9.00', '18.8']
['80', 'VI120', 'DATU PUTI VINEGAR', '', '', '*33 OZ', '1', 'CTNS', '12.50', 'per', 'CTNS', '0.000', '12.50']
['', '', '33 OZ X', '', '12 PLASTIC BTLS', '', '11.15', 'CTNS', '', '', '', '0.000', '11.15']
['', '', '', '', '', '', '', '', '', '', '', '', '1.35', '10.8']
['90', 'VI100', 'CHINKIANG VINEGAR', '', '', '', '1', 'CTNS', '31.00', 'per', 'CTNS', '0.000', '31.00']
['', '', '21 OZ X', '24 BOTTLES', '', '', '28.00', 'CTNS', '', '', '', '0.000', '28.00']
['', '', '', '', '', '', '', '', '', '', '', '', '3.00', '9.7']
['100', 'SE124', 'KADOYA SESAME OIL', '', '', '11 OZ', '1', 'CTNS', '38.50', 'per', 'CTNS', '0.000', '38.50']
['', '', '11 OZ X', '12 BT', '', '[H23]', '34.80', 'CTNS', '', '', '', '0.000', '34.80']
['', '', '', '', '', '', '', '', '', '', '', '', '3.70', '9.6']
['110', 'SE123', 'KADOYA SESAME OIL', '', '', '5.5 OZ', '1', 'CTNS', '45.00', 'per', 'CTNS', '0.000', '45.00']
['', '', '5.5 OZ X', '24 BT', '', '[H23]', '40.00', 'CTNS', '', '', '', '0.000', '40.00']
['', '', '', '', '', '', '', '', '', '', '', '', '5.00', '11.1']
['120', 'SA160', 'MANG TOMAS ALL PURPOSE', '', '', '*S', '1', 'CTNS', '19.00', 'per', 'CTNS', '0.000', '19.00']
['', '', '11 OZ X', '24 BT SAUCE', '', '[H19]', '16.95', 'CTNS', '', '', '', '0.000', '16.95']
['', '', '', '', '', '', '', '', '', '', '', '', '2.05', '10.8']
['', '', '', '', '', '', '', '', '', '', '', '', '9.00', '13.6']
['250', 'CI201', 'TCC SWT CHILI CHICKEN', '', '', '*L*', '3', 'CTN', '22.00', 'per', 'CTN', '0.000', '66.00']
['', '', '', '', '', '', '', '', '', '', '', '', '3.00', '12.5']
['230', 'CI120', 'SRIRACHA CHILI SAUCE', '', '', '*L*', '1', 'CTNS', '24.00', 'per', 'CTNS', '0.000', '24.00']
['', '', '', '', '', '', '', '', '', '', '', '', '2.10', '11.4']
['200', 'SA105', 'LKK HOISIN SAUCE', '', '', '*20 OZ*', '1', 'CTNS', '18.50', 'per', 'CTNS', '0.000', '18.50']
['', '', '', '', '', '', '', '', '', '', '', '', '3.00', '35.3']
['170', 'FS191', 'LUCKY FISH SAUCE', '', '', '', '1', 'CTNS', '8.50', 'per', 'CTNS', '0.000', '8.50']
['', '', '', '', '', '', '', '', '', '', '', '', '9.75', '22.0']
['150', 'FD105B', 'FOCO ROAST. COCONUT JUICE', '', '', '', '3', 'CTNS', '14.75', 'per CTNS', '', '0.000', '44.25']
['Invoice', '#:', '769372', 'Invoice date:', '09/27/18', 'Customer: APV', 'ASIAN MARKET COMPANY', '', 'Sales rep:', '7']
['190', 'SS155', 'MAEKRUA OYSTER SAUCE', '', '', '*L*', '1', 'CTNS', '22.00', 'per', 'CTNS', '0.000', '22.00']
['', '', '20 OZ X', '12 BT', '', 'thailand', '20.00', 'CTNS', '', '', '', '0.000', '20.00']
['', '', '', '', '', '', '', '', '', '', '', '', '2.00', '9.1']
['200', 'SA105', 'LKK HOISIN SAUCE', '', '', '*20 OZ*', '1', 'CTNS', '18.50', 'per', 'CTNS', '0.000', '18.50']
['', '', '20 OZ X', '12 BT', '', '[H37]', '16.40', 'CTNS', '', '', '', '0.000', '16.40']
['', '', '', '', '', '', '', '', '', '', '', '', '2.10', '11.4']
['210', 'SA153', 'LKK PEANUT FLAV. SAUCE', '', '', '', '1', 'CTNS', '21.00', 'per', 'CTNS', '0.000', '21.00']
['', '', '8 OZ X', '12 BT', '', '[G32]', '17.75', 'CTNS', '', '', '', '0.000', '17.75']
['', '', '', '', '', '', '', '', '', '', '', '', '3.25', '15.5']
['230', 'CI120', 'SRIRACHA CHILI SAUCE', '', '', '*L*', '1', 'CTNS', '24.00', 'per', 'CTNS', '0.000', '24.00']
['', '', '28 OZ X', '12 BTL', '', '[C3]', '21.00', 'CTNS', '', '', '', '0.000', '21.00']
['', '', '', '', '', '', '', '', '', '', '', '', '3.00', '12.5']
['240', 'CI121', 'SRIRACHA CHILI SAUCE', '', '', '*S*', '1', 'CTNS', '19.00', 'per', 'CTNS', '0.000', '19.00']
['', '', '17 OZ X', '12 BTL', '', '[C2]', '17.00', 'CTNS', '', '', '', '0.000', '17.00']
['', '', '', '', '', '', '', '', '', '', '', '', '2.00', '10.5']
['250', 'CI201', 'TCC SWT CHILI CHICKEN', '', '', '*L*', '3', 'CTN', '22.00', 'per', 'CTN', '0.000', '66.00']
['', '', '32 OZ X', '12 BT', '', '', '19.00', 'CTN', '', '', '', '0.000', '57.00']
['', '', '', '', '', '', '', '', '', '', '', '', '9.00', '13.6']
['260', 'FD105AA', 'FOCO UHT COCONUT WATER', '', '', '1L', '2', 'CTNS', '18.00', 'per', 'CTNS', '0.000', '36.00']
['', '', '1000 ML X', '12', '*P-BOX*', '10+1', '12.18', 'CTNS', '', '', '', '0.000', '24.36']
['', '', '', '', '', '', '', '', '', '', '', '', '11.64', '32.3']
['', '', '', '', '', '', '', '', '', '', '', '', '', '2.50', '15.6']
['390', 'CO247A', 'HUP SENG SUGAR CRACKERS', '', '', '', '', '1', 'CTNS', '16.00', 'per', 'CTNS', '0.000', '16.00']
['', '', '', '', '', '', '', '', '', '', '', '', '', '2.00', '12.1']
['360', 'FD300', 'COCON YOGO ICE W/ MILK', '', '', '', '', '1', 'CTNS', '16.50', 'per', 'CTNS', '0.000', '16.50']
['', '', '', '', '', '', '', '', '', '', '', '', '1.75', '8.8']
['320', 'CO113', 'BIN BIN RICE CRACKER', '', '', '', '1', 'CTNS', '20.00', 'per', 'CTNS', '0.000', '20.00']
['', '', '', '', '', '', '', '', '', '', '', '', '10.00', '11.9']
['300', 'PA180', 'MAE PLOY RED CURRY', '', '', '14oz', '2', 'CTNS', '42.00', 'per', 'CTNS', '0.000', '84.00']
['', '', '', '', '', '', '', '', '', '', '', '', '3.00', '9.1']
['280', 'GR306', 'Q-HUONG PORK SKIN', '', '', '*7OZ*', '1', 'CTNS', '33.00', 'per CTNS', '', '0.000', '33.00']
['Invoice', '#:', '769372', 'Invoice date:', '09/27/18', 'Customer: APV', 'ASIAN MARKET COMPANY', '', 'Sales rep:', '7']
['310', 'PA162', 'MAESRI MASAMAN CURRY', '', '', '', '1', 'CTNS', '42.00', 'per', 'CTNS', '0.000', '42.00']
['', '', '4 OZ X', '48 CAN PASTE', '', '', '37.00', 'CTNS', '', '', '', '0.000', '37.00']
['', '', '', '', '', '', '', '', '', '', '', '', '5.00', '11.9']
['320', 'CO113', 'BIN BIN RICE CRACKER', '', '', '', '1', 'CTNS', '20.00', 'per', 'CTNS', '0.000', '20.00']
['', '', '3.73 OZ X', '', '30 BAGS', '[I50]', '18.25', 'CTNS', '', '', '', '0.000', '18.25']
['', '', '', '', '', '', '', '', '', '', '', '', '1.75', '8.8']
['350', 'CA200', 'WHITE RABBIT CREAMY CANDY', '', '', '', '1', 'CTNS', '83.00', 'per', 'CTNS', '0.000', '83.00']
['', '', '6.3 OZ X', '', '60 BAGS', '', '', '75.00', 'CTNS', '', '', '', '0.000', '75.00']
['', '', '', '', '', '', '', '', '', '', '', '', '', '8.00', '9.6']
['360', 'FD300', 'COCON YOGO ICE W/ MILK', '', '', '', '', '1', 'CTNS', '16.50', 'per', 'CTNS', '0.000', '16.50']
['', '', '10 PCS', '/', '16 BAG', '& JUICE', '', '14.50', 'CTNS', '', '', '', '0.000', '14.50']
['', '', '', '', '', '', '', '', '', '', '', '', '', '2.00', '12.1']
['370', 'FD153B', 'CHIN-C ASSAM BLACK TEA/BT', '', '', '', '', '1', 'CTNS', '16.00', 'per', 'CTNS', '0.000', '16.00']
['', '', '17.9 Z X', '', '24 BT CRV005', '', '', '14.30', 'CTNS', '', '', '', '0.000', '14.30']
['', '', '', '', '', '', '', '', '', '', '', '', '', '1.70', '10.6']
['390', 'CO247A', 'HUP SENG SUGAR CRACKERS', '', '', '', '', '1', 'CTNS', '16.00', 'per', 'CTNS', '0.000', '16.00']
['', '', '17.6 OZ X', '', '12 BAGS', '', '[H7b]', '13.50', 'CTNS', '', '', '', '0.000', '13.50']
['', '', '', '', '', '', '', '', '', '', '', '', '', '2.50', '15.6']
['410', 'NO114', 'SA GIANG BROWN RICE VERMI', '', '', '', '', '1', 'CTNS', '24.00', 'per', 'CTNS', '0.000', '24.00']
['', '', '7 OZ X', '', '30 BUN GAO LUC', '', '', '0.00', 'CTNS', '', '', '', '0.000', '0.00']
['', '', '', '', '', '', '', '', '', '', '', '', '', '24.00', '100.0']
['', '', '', '', '', '', '', '', '', '1.75', '23.3']
['460', 'UT818', 'PALLET', '', '1', 'CTNS', '7.50', 'per CTNS', '0.000', '7.50']
['Invoice', '#:', '769372', 'Invoice date:', '09/27/18', 'Customer: APV', 'ASIAN MARKET COMPANY', '', 'Sales rep:', '7']
['420', 'NO114A', 'SA GIANG BUN GAO SA DEC', '', '1', 'CTNS', '24.00', 'per CTNS', '0.000', '24.00']
['', '', '7 OZ X', '30 BAG', '0.00', 'CTNS', '', '', '0.000', '0.00']
['', '', '', '', '', '', '', '', '', '24.00', '100.0']
['460', 'UT818', 'PALLET', '', '1', 'CTNS', '7.50', 'per CTNS', '0.000', '7.50']
['', '', 'EACH', '', '5.75', 'CTNS', '', '', '0.000', '5.75']
['', '', '', '', '', '', '', '', '', '1.75', '23.3']
['', '', '', '', '', '', '', 'Invoice totals:', '', '1226.00']
['', '', '', '', '', '', '', '', '', '1000.92']
['', '', '', '', '', '', '', '', '', '225.08', '18.4']
['', '', '', '', '', '', '', '', '', '', '', '', '', '10.00', '9.3']
['140', 'HL104', '', 'OX & PALM CORNED BEEF', '', '', '*L*', '1', 'CTNS', '108.00', 'per', 'CTNS', '0.000', '108.00']
['', '', '', '', '', '', '', '', '', '', '', '', '', '12.50', '10.9']
['100', 'NO300', '', 'ICHIBAN ORIGINAL NOODLE', '', '', '', '10', 'CTN', '11.50', 'per', 'CTN', '0.000', '115.00']
['', '', '', '', '', '', '', '', '', '', '', '', '', '7.00', '13.7']
['80', 'RS131A', '', 'EXCELENT RICE STICK BIHON', '', '', '', '1', 'CTNS', '51.00', 'per', 'CTNS', '0.000', '51.00']
['', '', '', '', '', '', '', '', '', '', '', '', '', '8.80', '14.9']
['40', 'FR349A', '', 'COSMOS KIM CHEE', '', '', '*28 OZ*', '1', 'CTNS', '59.00', 'per', 'CTNS', '0.000', '59.00']
['', '', '', '', '', '', '', '', '', '', '', '', '', '11.00', '26.8']
['20', 'FR342', '', 'TYJ PASTRY WRAPPER', '', '', '8.5"', '1', 'CTNS', '41.00', 'per CTNS', '', '0.000', '41.00']
['Invoice', '#:', '769373', 'Invoice date:', '', '09/27/18', '', 'Customer: A015', '', 'ASIAN FOOD LLC', '', 'Sales rep:', '15']
['50', 'FR349', '', 'COSMOS KIM CHEE', '', '', '*14 OZ*', '1', 'CTNS', '37.00', 'per', 'CTNS', '0.000', '37.00']
['', '', '', '14 OZ X', '12 JARS', '', '', '33.70', 'CTNS', '', '', '', '0.000', '33.70']
['', '', '', '', '', '', '', '', '', '', '', '', '', '3.30', '8.9']
['80', 'RS131A', '', 'EXCELENT RICE STICK BIHON', '', '', '', '1', 'CTNS', '51.00', 'per', 'CTNS', '0.000', '51.00']
['', '', '', '16 OZ X', '25 BAG', '', 'W/TAPE', '44.00', 'CTNS', '', '', '', '0.000', '44.00']
['', '', '', '', '', '', '', '', '', '', '', '', '', '7.00', '13.7']
['90', 'NO160', '', 'EXCELLENT NOODLE', '', '', '*16 OZ*', '1', 'EACH', '52.00', 'per', 'CTNS', '0.000', '52.00']
['', '', '', '16 OZ X', '30 BAGS', '', '', '46.00', 'EACH', '', '', '', '0.000', '46.00']
['', '', '', '', '', '', '', '', '', '', '', '', '', '6.00', '11.5']
['100', 'NO300', '', 'ICHIBAN ORIGINAL NOODLE', '', '', '', '10', 'CTN', '11.50', 'per', 'CTN', '0.000', '115.00']
['', '', '', '3.5 OZ X', '24 BAGS', '', '', '10.25', 'CTN', '', '', '', '0.000', '102.50']
['', '', '', '', '', '', '', '', '', '', '', '', '', '12.50', '10.9']
['110', 'NO194', '', 'N-SHIM HOT & SPICY BOWL', '', '', '', '5', 'CTNS', '8.25', 'per', 'CTNS', '0.000', '41.25']
['', '', '', '3oz X 12 BWL', '', '', '', '7.25', 'CTNS', '', '', '', '0.000', '36.25']
['', '', '', '', '', '', '', '', '', '', '', '', '', '5.00', '12.1']
['140', 'HL104', '', 'OX & PALM CORNED BEEF', '', '', '*L*', '1', 'CTNS', '108.00', 'per', 'CTNS', '0.000', '108.00']
['', '', '', '15 OZ X', '24', 'CHUNKY', '', '98.00', 'CTNS', '', '', '', '0.000', '98.00']
['', '', '', '', '', '', '', '', '', '', '', '', '', '10.00', '9.3']
['150', 'HL105', '', 'OX & PALM CORNED BEEF', '', '', '*M*', '1', 'CTNS', '86.00', 'per', 'CTNS', '0.000', '86.00']
['', '', '', '11.5 OZ X', '', '24 CHUNKY', '', '77.45', 'CTNS', '', '', '', '0.000', '77.45']
['', '', '', '', '', '', '', '', '', '', '', '', '', '8.55', '9.9']
['', '', '', '', '', '', '', '', '', '', '', '', '', '1.75', '23.3']
['210', 'UT818', '', 'PALLET', '', '', '', '1', 'CTNS', '7.50', 'per CTNS', '', '0.000', '7.50']
['', '', '', '', '', '', '', '', '', '', '', '', '', '25.55', '33.2']
['180', 'CI130A', '', 'LAL FRIED CHILI PASTE HOT', '', '', '', '1', 'CTNS', '77.00', 'per CTNS', '', '0.000', '77.00']
['Invoice', '#:', '769373', 'Invoice date:', '', '09/27/18', '', 'Customer: A015', '', 'ASIAN FOOD LLC', '', 'Sales rep:', '15']
['180', 'CI130A', '', 'LAL FRIED CHILI PASTE HOT', '', '', '', '1', 'CTNS', '77.00', 'per CTNS', '', '0.000', '77.00']
['', '', '', '14 OZ X', '24 JARS', '', '*THAI*', '51.45', 'CTNS', '', '', '', '0.000', '51.45']
['', '', '', '', '', '', '', '', '', '', '', '', '', '25.55', '33.2']
['190', 'FD116', '', 'KING CAR LEMON TEA S', '', '', '', '3', 'CTNS', '17.00', 'per CTNS', '', '0.000', '51.00']
['', '', '', '19.6 Z X', '24 BT', '', 'CRV005', '15.30', 'CTNS', '', '', '', '0.000', '45.90']
['', '', '', '', '', '', '', '', '', '', '', '', '', '5.10', '10.0']
['210', 'UT818', '', 'PALLET', '', '', '', '1', 'CTNS', '7.50', 'per CTNS', '', '0.000', '7.50']
['', '', '', 'EACH', '', '', '', '5.75', 'CTNS', '', '', '', '0.000', '5.75']
['', '', '', '', '', '', '', '', '', '', '', '', '', '1.75', '23.3']
['', '', '', '', '', '', '', '', '', '', '', 'Invoice totals:', '', '936.75']
['', '', '', '', '', '', '', '', '', '', '', '', '', '805.95']
['', '', '', '', '', '', '', '', '', '', '', '', '', '130.80', '14.0']
['', '', '', '', '', '', '', '', '', '', '', '5.00', '13.9']
['110', 'CO246', 'EURO CUSTARD CAKE', '', '', '2', 'CTNS', '18.00', 'per', 'CTNS', '0.000', '36.00']
['', '', '', '', '', '', '', '', '', '', '', '8.00', '12.9']
['90', 'CO101B', '99 TARO FLAVOR BISCUIT', '', '', '4', 'CTNS', '15.50', 'per', 'CTNS', '0.000', '62.00']
['', '', '', '', '', '', '', '', '', '', '', '5.67', '24.7']
['50', 'BR101', 'LAL CHICKEN BROTH', '', '10+1', '1', 'CTNS', '23.00', 'per', 'CTNS', '0.000', '23.00']
['', '', '', '', '', '', '', '', '', '', '', '6.44', '23.9']
['40', 'SS107D', 'CJ HOT & SPICY SAUCE', '', '*L*', '1', 'CTNS', '27.00', 'per', 'CTNS', '0.000', '27.00']
['', '', '', '', '', '', '', '', '', '', '', '28.80', '9.9']
['20', 'UT612', 'TIGER RICE COOKER', '', '8 CUP', '3', 'EACH', '97.00', 'per EACH', '', '0.000', '291.00']
['Invoice', '#:', '769374', 'Invoice date:', '09/27/18', 'Customer: S027', 'SAVAN MARKET (KS)', '', 'Sales rep:', '15']
['42', 'SS107G', 'CJ CHICKEN BBQ SAUCE', '', '*L*', '1', 'CTNS', '27.00', 'per', 'CTNS', '0.000', '27.00']
['', '', '840 G X', '8', '10+1', '20.56', 'CTNS', '', '', '', '0.000', '20.56']
['', '', '', '', '', '', '', '', '', '', '', '6.44', '23.9']
['50', 'BR101', 'LAL CHICKEN BROTH', '', '10+1', '1', 'CTNS', '23.00', 'per', 'CTNS', '0.000', '23.00']
['', '', '28 OZ X', '24 SOUP GA', '[A7]', '17.33', 'CTNS', '', '', '', '0.000', '17.33']
['', '', '', '', '', '', '', '', '', '', '', '5.67', '24.7']
['60', 'BR103', 'LAL VEGETABLE BROTH', '', '', '1', 'CTNS', '24.00', 'per', 'CTNS', '0.000', '24.00']
['', '', '28 X 24 SOUP AN CHAY', '', '[A5]', '15.40', 'CTNS', '', '', '', '0.000', '15.40']
['', '', '', '', '', '', '', '', '', '', '', '8.60', '35.8']
['90', 'CO101B', '99 TARO FLAVOR BISCUIT', '', '', '4', 'CTNS', '15.50', 'per', 'CTNS', '0.000', '62.00']
['', '', '6.35 oz x', '12 bags', '', '13.50', 'CTNS', '', '', '', '0.000', '54.00']
['', '', '', '', '', '', '', '', '', '', '', '8.00', '12.9']
['100', 'CO101', '99 EGG YOLK CREAM BISCUIT', '', '', '3', 'CTNS', '15.50', 'per', 'CTNS', '0.000', '46.50']
['', '', '6.35 OZ X', '12 BAG', '[I45]', '13.50', 'CTNS', '', '', '', '0.000', '40.50']
['', '', '', '', '', '', '', '', '', '', '', '6.00', '12.9']
['110', 'CO246', 'EURO CUSTARD CAKE', '', '', '2', 'CTNS', '18.00', 'per', 'CTNS', '0.000', '36.00']
['', '', '6 PCS X', '12 BOX', '[H11b]', '15.50', 'CTNS', '', '', '', '0.000', '31.00']
['', '', '', '', '', '', '', '', '', '', '', '5.00', '13.9']
['120', 'CO252', 'ELLSE LAYER BANANA CAKE', '', '', '2', 'CTNS', '28.00', 'per', 'CTNS', '0.000', '56.00']
['', '', '15 G/12 PK/24 PCS', '', '[H8b]', '25.00', 'CTNS', '', '', '', '0.000', '50.00']
['', '', '', '', '', '', '', '', '', '', '', '6.00', '10.7']
['', '', '', '', '', '', '', '', '', '', '', '', '3.00', '10.0']
['290', 'CO170', 'MAJESTIC ASSOTED BISCUI', '', '', '*', '1', 'EACH', '30.00', 'per', 'CTNS', '0.000', '30.00']
['', '', '', '', '', '', '', '', '', '', '', '', '3.00', '16.7']
['260', 'UT300', 'SCRUBBER METAL', '', '*MAPLEW*', '', '1', 'CTNS', '18.00', 'per', 'CTNS', '0.000', '18.00']
['', '', '', '', '', '', '', '', '', '', '', '', '51.69', '26.5']
['210', 'PC103', 'LAL PKL LOUK NIENG', '', '', '', '3', 'CTNS', '65.00', 'per', 'CTNS', '0.000', '195.00']
['', '', '', '', '', '', '', '', '', '', '', '', '2.60', '11.3']
['180', 'FJ108', "FUN CLUB SQUE'EASY", '', '', '*mix*', '1', 'CTNS', '23.00', 'per', 'CTNS', '0.000', '23.00']
['', '', '', '', '', '', '', '', '', '', '', '', '3.00', '10.7']
['140', 'CO251', 'ELLSE LAYER VANILLA CAKE', '', '', '', '1', 'CTNS', '28.00', 'per CTNS', '', '0.000', '28.00']
['Invoice', '#:', '769374', 'Invoice date:', '09/27/18', 'Customer: S027', 'SAVAN MARKET (KS)', '', 'Sales rep:', '15']
['190', 'FJ109', "FUN CLUB SQUE'EASY lychee", '', '', '', '1', 'CTNS', '23.00', 'per', 'CTNS', '0.000', '23.00']
['', '', '43 OZ', '/6 JAR FRUITY SNACK', '', '', '20.40', 'CTNS', '', '', '', '0.000', '20.40']
['', '', '', '', '', '', '', '', '', '', '', '', '2.60', '11.3']
['210', 'PC103', 'LAL PKL LOUK NIENG', '', '', '', '3', 'CTNS', '65.00', 'per', 'CTNS', '0.000', '195.00']
['', '', '16 OZ X', '24 JARS', '', 'W/SKIN', '47.77', 'CTNS', '', '', '', '0.000', '143.31']
['', '', '', '', '', '', '', '', '', '', '', '', '51.69', '26.5']
['250', 'PW239', 'TOTOLE CHICKEN BOUILLON S', '', '', '', '1', 'CTNS', '75.00', 'per', 'CTNS', '0.000', '75.00']
['', '', '16 OZ X', '24 CAN', '', '', '68.00', 'CTNS', '', '', '', '0.000', '68.00']
['', '', '', '', '', '', '', '', '', '', '', '', '7.00', '9.3']
['260', 'UT300', 'SCRUBBER METAL', '', '*MAPLEW*', '', '1', 'CTNS', '18.00', 'per', 'CTNS', '0.000', '18.00']
['', '', '72 SCRUBBERS/CTN', '', '', '', '15.00', 'CTNS', '', '', '', '0.000', '15.00']
['', '', '', '', '', '', '', '', '', '', '', '', '3.00', '16.7']
['280', 'TE330B', 'GOLD KILI INST GINGER BAG', '', '', '', '1', 'CTNS', '74.00', 'per', 'CTNS', '0.000', '74.00']
['', '', '12.6 OZ', '(20 TBAG) X', '', '24 BG', '67.00', 'CTNS', '', '', '', '0.000', '67.00']
['', '', '', '', '', '', '', '', '', '', '', '', '7.00', '9.5']
['290', 'CO170', 'MAJESTIC ASSOTED BISCUI', '', '', '*', '1', 'EACH', '30.00', 'per', 'CTNS', '0.000', '30.00']
['', '', '800 G X', '6 TINS', 'BISCUIT', '', '27.00', 'EACH', '', '', '', '0.000', '27.00']
['', '', '', '', '', '', '', '', '', '', '', '', '3.00', '10.0']
['310', 'UT284', 'THANK YOU BAG S', '', '8x6x16', '', '3', 'CTNS', '10.50', 'per', 'CTNS', '0.000', '31.50']
['', '', '5.5 LBS', 'white', '800 PCS', '', '8.75', 'CTNS', '', '', '', '0.000', '26.25']
['', '', '', '', '', '', '', '', '', '', '', '', '5.25', '16.7']
['', '', '', '', '', '', '', '', '', '12.40', '23.0']
['330', 'NO106', 'SAFOCO EGG MACARONI', '*L-SA', '2', 'CTNS', '27.00', 'per CTNS', '0.000', '54.00']
['Invoice', '#:', '769374', 'Invoice date:', '09/27/18', 'Customer: S027', 'SAVAN MARKET (KS)', '', 'Sales rep:', '15']
['', '', '', '', '', '', '', '', '', '4.00', '11.8']
['330', 'NO106', 'SAFOCO EGG MACARONI', '*L-SA', '2', 'CTNS', '27.00', 'per CTNS', '0.000', '54.00']
['', '', '14 OZ X', '25 BAGS', '20.80', 'CTNS', '', '', '0.000', '41.60']
['', '', '', '', '', '', '', '', '', '12.40', '23.0']
['340', 'UT818', 'PALLET', '', '1', 'CTNS', '7.50', 'per CTNS', '0.000', '7.50']
['', '', 'EACH', '', '5.75', 'CTNS', '', '', '0.000', '5.75']
['', '', '', '', '', '', '', '', '', '1.75', '23.3']
['', '', '', '', '', '', '', 'Invoice totals:', '', '1602.50']
['', '', '', '', '', '', '', '', '', '1374.24']
['', '', '', '', '', '', '', '', '', '228.26', '14.2']
['', '', '', '', '', '', '', '', '', '', '', '29.10', '46.2']
['40', 'CI220', 'CHIN SU CHILI SAUCE', '', '', '', '3', 'CTNS', '21.00', 'per CTNS', '0.000', '63.00']
['', '', '', '', '', '', '', '', '', '', '', '47.76-', '0.0']
['20', 'CR100', 'SA GIANG BANH PHONG TOM', '', '', '', '2', 'EACH', '0.00', 'per CTNS', '0.000', '0.00']
['Invoice', '#:', '769375', 'Invoice date:', '09/28/18', 'Customer: DAI', 'TAI NAM CORP', '', 'Sales rep:', '5']
['', '', '', '', '', '', '', '', '', '', '', '47.76-', '0.0']
['30', 'SS190B', 'MAGGI SOY SAUCE VN LARGE', '', '', '', '60', 'CTNS', '20.00', 'per CTNS', '0.000', '1200.00']
['', '', '700 ML X', '12 BT', '*YELLOW*', '', '12.00', 'CTNS', '', '', '0.000', '720.00']
['', '', '', '', '', '', '', '', '', '', '', '480.00', '40.0']
['40', 'CI220', 'CHIN SU CHILI SAUCE', '', '', '', '3', 'CTNS', '21.00', 'per CTNS', '0.000', '63.00']
['', '', '250G X', '24', '*TUONG OT*', '', '11.30', 'CTNS', '', '', '0.000', '33.90']
['', '', '', '', '', '', '', '', '', '', '', '29.10', '46.2']
['50', 'UT818', 'PALLET', '', '', '', '1', 'CTNS', '7.00', 'per CTNS', '0.000', '7.00']
['', '', 'EACH', '', '', '', '5.75', 'CTNS', '', '', '0.000', '5.75']
['', '', '', '', '', '', '', '', '', '', '', '1.25', '17.9']
['', '', '', '', '', '', '', '', '', 'Invoice totals:', '', '2030.00']
['', '', '', '', '', '', '', '', '', '', '', '1285.01']
['', '', '', '', '', '', '', '', '', '', '', '744.99', '36.7']
['', '', '', '', '', '', '', '', '', '', '', '', '41.52', '24.4']
['100', 'FR126B', 'OF YELLOW EEL WHOLE', '', '', '', '1', 'CTNS', '170.00', 'per', 'CTNS', '0.000', '170.00']
['', '', '', '', '', '', '', '', '', '', '', '', '360.00', '100.0']
['80', 'FR186A', 'OF CA NGAN W/R', '', '4/6', '*VN*', '5', 'CTNS', '72.00', 'per', 'CTNS', '0.000', '360.00']
['', '', '', '', '', '', '', '', '', '', '', '', '2.80', '6.7']
['60', 'WK102', 'WOO KEE BANH CANH XANH', '', '', '', '40', 'BAGS', '1.05', 'per', 'BAGS', '0.000', '42.00']
['', '', '', '', '', '', '', '', '', '', '', '', '0.00', '0.0']
['40', 'KT102', 'KIM THAP BANH CANH RED', '', '', '', '50', 'BAGS', '1.20', 'per', 'BAGS', '0.000', '60.00']
['', '', '', '', '', '', '', '', '', '', '', '', '6.00', '6.5']
['20', 'FR377A', 'SO.CAL. FRESH EGG NOODLE', '', '', '', '2', 'CTNS', '46.50', 'per CTNS', '', '0.000', '93.00']
['Invoice', '#:', '769376', 'Invoice date:', '09/27/18', 'Customer: K060', 'KIM NHUNG MARKETPLACE', 'Sales rep:', '17']
['50', 'KT103', 'KIM THAP BANH BOT LOC', '', '', '', '50', 'BAGS', '1.20', 'per', 'BAGS', '0.000', '60.00']
['', '', 'BAG', '', '', '', '1.20', 'BAGS', '', '', '', '0.000', '60.00']
['', '', '', '', '', '', '', '', '', '', '', '', '0.00', '0.0']
['60', 'WK102', 'WOO KEE BANH CANH XANH', '', '', '', '40', 'BAGS', '1.05', 'per', 'BAGS', '0.000', '42.00']
['', '', 'BAGS', '', 'sincere', '', '0.98', 'BAGS', '', '', '', '0.000', '39.20']
['', '', '', '', '', '', '', '', '', '', '', '', '2.80', '6.7']
['70', 'WK103', 'WOO KEE BANH CANH DO', '', '', '', '40', 'BAGS', '1.05', 'per', 'BAGS', '0.000', '42.00']
['', '', 'BAGS', '', 'sincere', '', '0.98', 'BAGS', '', '', '', '0.000', '39.20']
['', '', '', '', '', '', '', '', '', '', '', '', '2.80', '6.7']
['80', 'FR186A', 'OF CA NGAN W/R', '', '4/6', '*VN*', '5', 'CTNS', '72.00', 'per', 'CTNS', '0.000', '360.00']
['', '', '33LBS yellowtail scad', '', '', '', '0.00', 'CTNS', '', '', '', '0.000', '0.00']
['', '', '', '', '', '', '', '', '', '', '', '', '360.00', '100.0']
['90', 'FR153', 'OF CONGER PIKE EEL CHUNK', '', '', '', '2', 'CTNS', '72.00', 'per', 'CTNS', '0.000', '144.00']
['', '', '33lb CA LAT KHUC VN*steak', '', '', '', '52.14', 'CTNS', '', '', '', '0.000', '104.28']
['', '', '', '', '', '', '', '', '', '', '', '', '39.72', '27.6']
['100', 'FR126B', 'OF YELLOW EEL WHOLE', '', '', '', '1', 'CTNS', '170.00', 'per', 'CTNS', '0.000', '170.00']
['', '', '30 LBS', '*LUON NGUYEN CON*', '', '', '128.48', 'CTNS', '', '', '', '0.000', '128.48']
['', '', '', '', '', '', '', '', '', '', '', '', '41.52', '24.4']
['110', 'FR114A', 'FR. SQUID TUBE U/5', '', '', '*CH*', '15', 'CTNS', '17.50', 'per', 'CTNS', '0.000', '262.50']
['', '', '10 LB', '*MUC U/5*', '$1.75/lb.', '', '17.20', 'CTNS', '', '', '', '0.000', '258.00']
['', '', '', '', '', '', '', '', '', '', '', '', '4.50', '1.7']
['', '', '', '', '', '', '', '', '', '', '23.10', '15.6']
['270', 'FR110E', 'FR. POMFRET-blk', '', '800-1000', '3', 'CTNS', '49.50', 'per CTNS', '0.000', '148.50']
['', '', '', '', '', '', '', '', '', '', '50.00-', '25.0-']
['250', 'FR130B', 'FR. TILAPIA CLEANED', '', '750UP', '5', 'CTNS', '40.00', 'per CTNS', '0.000', '200.00']
['', '', '', '', '', '', '', '', '', '', '63.39', '23.8']
['210', 'FR034A', 'FR. MACKEREL-SABA', '', "44's", '5', 'CTNS', '53.25', 'per CTNS', '0.000', '266.25']
['', '', '', '', '', '', '', '', '', '', '156.00', '19.5']
['190', 'FR184B', 'OF GOLDEN POMPANO', '', '*XL*', '10', 'CTNS', '80.00', 'per CTNS', '0.000', '800.00']
['', '', '', '', '', '', '', '', '', '', '13.92', '3.9']
['170', 'FR006B', 'FR. GOAT SKIN ON', '', '*BURNT*', '86.95', 'LBS', '4.10', 'per LBS', '0.000', '356.50']
['', '', '', '', '', '', '', '', '', '', '0.00', '0.0']
['150', 'FR006A', 'FR. GOAT SKIN ON-ararat', '', '', '107', 'CTNS', '4.10', 'per CTNS', '0.000', '438.70']
['', '', '', '', '', '', '', '', '', '', '22.00', '5.7']
['130', 'FR114AA', 'FR. CUTTLEFISH-clean U1/2', '', '', '5', 'CTNS', '77.00', 'per CTNS', '0.000', '385.00']
['Invoice', '#:', '769376', 'Invoice date:', '09/27/18', 'Customer: K060', 'KIM NHUNG MARKETPLACE', 'Sales rep:', '17']
['', '', '6-WAY', '$4.10/LB. western', '', '3.94', 'LBS', '', '', '0.000', '342.58']
['', '', '', '', '', '', '', '', '', '', '13.92', '3.9']
['180', '', 'MOC: WILD CAUGHT', '', '', 'ORIGIN: AUSTRALIA']
['190', 'FR184B', 'OF GOLDEN POMPANO', '', '*XL*', '10', 'CTNS', '80.00', 'per CTNS', '0.000', '800.00']
['', '', '40LB', '(90%N.W)', '900/UP*NET*', '64.40', 'CTNS', '', '', '0.000', '644.00']
['', '', '', '', '', '', '', '', '', '', '156.00', '19.5']
['200', '', 'MOC: FARM RAISED', '', '', 'ORIGIN: CHINA']
['210', 'FR034A', 'FR. MACKEREL-SABA', '', "44's", '5', 'CTNS', '53.25', 'per CTNS', '0.000', '266.25']
['', '', '44.01 LBS NORWAY', '', '400-600', '40.572', 'CTNS', '', '', '0.000', '202.86']
['', '', '', '', '', '', '', '', '', '', '63.39', '23.8']
['220', '', 'MOC: WILD CAUGHT', '', '', 'ORIGIN: NORWAY']
['250', 'FR130B', 'FR. TILAPIA CLEANED', '', '750UP', '5', 'CTNS', '40.00', 'per CTNS', '0.000', '200.00']
['', '', '40 LBS', '*china*', '$1.10/LB', '50.00', 'CTNS', '', '', '0.000', '250.00']
['', '', '', '', '', '', '', '', '', '', '50.00-', '25.0-']
['260', '', 'MOC: FARM RAISED', '', '', 'ORIGIN: TAIWAN']
['270', 'FR110E', 'FR. POMFRET-blk', '', '800-1000', '3', 'CTNS', '49.50', 'per CTNS', '0.000', '148.50']
['', '', '22 LBS', '*TW*', 'ca chim den', '41.80', 'CTNS', '', '', '0.000', '125.40']
['', '', '', '', '', '', '', '', '', '', '23.10', '15.6']
['', '', '', '', '', '', '', '', '', '', '', '300.00-', '35.3-']
['400', 'UT818', '', 'NAUTILUS MACKEREL KING', '', '', '200', 'CTNS', '4.25', 'per CTNS', '0.000', '850.00']
['', '', '', '', '', '', '', '', '', '', '', '1,215.00-', '238.2-']
['380', 'UT818', '', 'NAUTILUS CATFISH GUTTED', '', '', '300', 'CTNS', '1.70', 'per CTNS', '0.000', '510.00']
['', '', '', '', '', '', '', '', '', '', '', '57.64', '29.1']
['360', 'FR503', '', 'OF SALTED YELLOW CROAKER', '', '', '1', 'CTNS', '198.00', 'per CTNS', '0.000', '198.00']
['', '', '', '', '', '', '', '', '', '', '', '16.00', '5.0']
['340', 'FR277', 'FR. CHUOI NEP NUONG', '', '21 OZ', '', '4', 'CTNS', '80.00', 'per CTNS', '0.000', '320.00']
['', '', '', '', '', '', '', '', '', '', '', '77.00', '31.1']
['320', 'FR174B', '', 'OF YELLOW ST TREVALLY IQF', '', '', '5', 'CTNS', '49.50', 'per CTNS', '0.000', '247.50']
['', '', '', '', '', '', '', '', '', '', '', '16.00', '9.5']
['290', 'FR824A', 'FR. BARRAMUNDI', '', '1000up', '', '2', 'CTNS', '84.00', 'per CTNS', '0.000', '168.00']
['Invoice', '#:', '769376', 'Invoice date:', '09/27/18', 'Customer: K060', 'KIM NHUNG MARKETPLACE', 'Sales rep:', '17']
['', '', '', '', '', '', '', '', '', '', '', '16.00', '5.0']
['350', 'FR501AAA', '', 'OF DRIED MUDFISH FILLET', '', '', '1', 'CTNS', '170.00', 'per CTNS', '0.000', '170.00']
['', '', '14 OZ X', '30 BG', 'kho ca loc', '', '103.22', 'CTNS', '', '', '0.000', '103.22']
['', '', '', '', '', '', '', '', '', '', '', '66.78', '39.3']
['360', 'FR503', '', 'OF SALTED YELLOW CROAKER', '', '', '1', 'CTNS', '198.00', 'per CTNS', '0.000', '198.00']
['', '', '33 LBS mam ca suu', '', '', '', '140.36', 'CTNS', '', '', '0.000', '140.36']
['', '', '', '', '', '', '', '', '', '', '', '57.64', '29.1']
['370', 'FR174B', '', 'OF YELLOW ST TREVALLY IQF', '', '', '5', 'CTNS', '49.50', 'per CTNS', '0.000', '247.50']
['', '', '30 LBS', '', '*VN* ca chi vang', '', '34.10', 'CTNS', '', '', '0.000', '170.50']
['', '', '', '', '', '', '', '', '', '', '', '77.00', '31.1']
['380', 'UT818', '', 'NAUTILUS CATFISH GUTTED', '', '', '300', 'CTNS', '1.70', 'per CTNS', '0.000', '510.00']
['', '', '3-5# GUIDRY', '', '1X30', '30 LBS', '5.75', 'CTNS', '', '', '0.000', '1725.00']
['', '', '', '', '', '', '', '', '', '', '', '1,215.00-', '238.2-']
['390', 'UT818', '', 'NAUTILUS CATFISH GUTTED', '', '', '300', 'CTNS', '1.70', 'per CTNS', '0.000', '510.00']
['', '', '5-10# GUIDRY', '', '30 LBS', '', '5.75', 'CTNS', '', '', '0.000', '1725.00']
['', '', '', '', '', '', '', '', '', '', '', '1,215.00-', '238.2-']
['400', 'UT818', '', 'NAUTILUS MACKEREL KING', '', '', '200', 'CTNS', '4.25', 'per CTNS', '0.000', '850.00']
['', '', '10#/UP FRESH USA', '', '', '', '5.75', 'CTNS', '', '', '0.000', '1150.00']
['', '', '', '', '', '', '', '', '', '', '', '300.00-', '35.3-']
['', '', '', '', '', '', '', '', '', '', '', '', '18.00', '9.8']
['490', 'FR801K', '', 'FR. VF CROWN HAM', '', '', '2', 'CTNS', '', '92.00', 'per CTNS', '0.000', '184.00']
['', '', '', '', '', '', '', '', '', '', '', '', '0.00', '0.0']
['470', 'FR801D', '', 'FR. VF S.T. JAPANESE HAM', '', '', '1', 'CTNS', '', '94.00', 'per CTNS', '0.000', '94.00']
['', '', '', '', '', '', '', '', '', '', '', '', '370.00-', '47.4-']
['455', 'UT818', '', 'NAUTILUS CRAB BLUE LIVE', '', '', '200', 'CTNS', '', '3.90', 'per CTNS', '0.000', '780.00']
['', '', '', '', '', '', '', '', '', '', '', '', '34.25', '85.6']
['440', 'UT818', '', 'NAUTILUS CLAM CHERRYSTONE', '', '', '1', 'CTNS', '', '40.00', 'per CTNS', '0.000', '40.00']
['', '', '', '', '', '', '', '', '', '', '', '', '77.16-', '43.7-']
['420', 'UT818', '', 'NAUTILUS BRANZINO', '', '', '44.092', 'CTNS', '', '4.00', 'per CTNS', '0.000', '176.37']
['Invoice', '#:', '769376', 'Invoice date:', '', '09/27/18', 'Customer: K060', '', 'KIM NHUNG MARKETPLACE', '', '', 'Sales rep:', '17']
['', '', '', '', '', '', '', '', '', '', '', '', '34.25', '85.6']
['450', 'UT818', '', 'NAUTILUS AMBERJACK', '', '', '441', 'CTNS', '', '1.25', 'per CTNS', '0.000', '551.25']
['', '', '', 'HAMACHI', '2-4#', '44.1 LBS', '5.75', 'CTNS', '', '', '', '0.000', '2535.75']
['', '', '', '', '', '', '', '', '', '', '', '', '1,984.50-', '360.0-']
['455', 'UT818', '', 'NAUTILUS CRAB BLUE LIVE', '', '', '200', 'CTNS', '', '3.90', 'per CTNS', '0.000', '780.00']
['', '', '', 'MARYLAND', 'INV#', '174434', '5.75', 'CTNS', '', '', '', '0.000', '1150.00']
['', '', '', '', '', '', '', '', '', '', '', '', '370.00-', '47.4-']
['460', '', '', '', '', '', 'SHIPPED ON', '9/24/18']
['470', 'FR801D', '', 'FR. VF S.T. JAPANESE HAM', '', '', '1', 'CTNS', '', '94.00', 'per CTNS', '0.000', '94.00']
['', '', '', '2.2 LBS X', '10 PCS', '*C135*', '94.00', 'CTNS', '', '', '', '0.000', '94.00']
['', '', '', '', '', '', '', '', '', '', '', '', '0.00', '0.0']
['480', 'FR801J', '', 'FR. VF PORK BELLY mei hua', '', '', '1', 'CTNS', '', '108.50', 'per CTNS', '0.000', '108.50']
['', '', '', '10.52 OZ X', '24', '*C044* meat', '98.40', 'CTNS', '', '', '', '0.000', '98.40']
['', '', '', '', '', '', '', '', '', '', '', '', '10.10', '9.3']
['490', 'FR801K', '', 'FR. VF CROWN HAM', '', '', '2', 'CTNS', '', '92.00', 'per CTNS', '0.000', '184.00']
['', '', '', '2.2 LBS X', '10 PCS', '*C141*', '83.00', 'CTNS', '', '', '', '0.000', '166.00']
['', '', '', '', '', '', '', '', '', '', '', '', '18.00', '9.8']
['500', 'FR801L', '', 'FR. VF RIBBONFISH', '', '', '2', 'CTNS', '', '129.50', 'per CTNS', '0.000', '259.00']
['', '', '', '1 LB X', '24 PCS', '*B084*', '117.60', 'CTNS', '', '', '', '0.000', '235.20']
['', '', '', '', '', '', '', '', '', '', '', '', '23.80', '9.2']
['Invoice', '#:', '769376', 'Invoice date:', '', '09/27/18', 'Customer: K060', '', 'KIM NHUNG MARKETPLACE', '', '', 'Sales rep:', '17']
['', '', '', 'Description-2', '', '', 'Unit cost', '', '', '', '', 'Ord-disc%', 'Ext-cost']
['', '', '', '', '', '', '', '', '', '', '', '', 'Gross-margin', 'Margin-%']
['510']
['', '', '', '', '', '', '', '', '', '', 'Invoice totals:', '', '9740.94']
['', '', '', '', '', '', '', '', '', '', '', '', '14053.44']
['', '', '', '', '', '', '', '', '', '', '', '', '4,312.50-', '44.3-']
['', '', '', '', '', '', '', '', '', '', '', '', '0.00', '0.0']
['100', 'FR009D', '', 'FR. CHICKEN-BUDDHISTstyle', '', '', '18', 'CTNS', '', '60.00', 'per CTNS', '0.000', '1080.00']
['', '', '', '', '', '', '', '', '', '', '', '', '208.00', '10.1']
['60', 'FR827K', '', 'SHRIMP H/O', '20/30', '', '10', 'CTNS', '', '206.00', 'per CTNS', '0.000', '2060.00']
['', '', '', '', '', '', '', '', '', '', '', '', '36.00', '2.2']
['40', 'FR826E', '', 'SHRIMP H/L BLK TIGR', '', '21/25', '10', 'CTNS', '', '162.00', 'per CTNS', '0.000', '1620.00']
['', '', '', '', '', '', '', '', '', '', '', '', '20.00', '6.5']
['20', 'FR488', '', 'GP BEEF TENDON BALL', '', '', '5', 'CTNS', '', '62.00', 'per CTNS', '0.000', '310.00']
['Invoice', '#:', '769377', 'Invoice date:', '', '09/27/18', 'Customer: K060', '', 'KIM NHUNG MARKETPLACE', '', '', 'Sales rep:', '17']
['', '', '', '', '', '', '', '', '', '', '', '', '25.00', '6.1']
['40', 'FR826E', '', 'SHRIMP H/L BLK TIGR', '', '21/25', '10', 'CTNS', '', '162.00', 'per CTNS', '0.000', '1620.00']
['', '', '', '6/4lb BANG', '$6.75/LB', '', '158.40', 'CTNS', '', '', '', '0.000', '1584.00']
['', '', '', '', '', '', '', '', '', '', '', '', '36.00', '2.2']
['50', '', '', 'MOC: FARM RAISED', '', '', 'ORIGIN: BANGLADESH']
['60', 'FR827K', '', 'SHRIMP H/O', '20/30', '', '10', 'CTNS', '', '206.00', 'per CTNS', '0.000', '2060.00']
['', '', '', '10/4lb ecuador', '', '$5.15/lb.', '185.20', 'CTNS', '', '', '', '0.000', '1852.00']
['', '', '', '', '', '', '', '', '', '', '', '', '208.00', '10.1']
['70', '', '', 'MOC: FARM RAISED', '', '', 'ORIGIN: ECUADOR']
['100', 'FR009D', '', 'FR. CHICKEN-BUDDHISTstyle', '', '', '18', 'CTNS', '', '60.00', 'per CTNS', '0.000', '1080.00']
['', '', '', '10 PCS/CS', 'USA', '#3262', '60.00', 'CTNS', '', '', '', '0.000', '1080.00']
['', '', '', '', '', '', '', '', '', '', '', '', '0.00', '0.0']
['110', '', '', 'MOC: FARM RAISED', '', '', 'ORIGIN: USA']
['', '', '', '', '', '', '', '', '', '', 'Invoice totals:', '', '5642.50']
['', '', '', '', '', '', '', '', '', '', '', '', '5327.60']
['', '', '', '', '', '', '', '', '', '', '', '', '314.90', '5.6']
['', '', '', '', '', '', '', '', '', '', '', '', '6.60', '10.7']
['20', 'PR702', '', 'MUNG BEAN SPROUTS', '', '10 LBS', '3', 'CTNS', '', '20.60', 'per CTNS', '0.000', '61.80']
['Invoice', '#:', '769378', 'Invoice date:', '', '09/27/18', 'Customer: K060', '', 'KIM NHUNG MARKETPLACE', '', '', 'Sales rep:', '17']
['', '', '', '', '', '', '', '', '', '', '', '', '7.00', '9.7']
['20', 'PR702', '', 'MUNG BEAN SPROUTS', '', '10 LBS', '3', 'CTNS', '', '20.60', 'per CTNS', '0.000', '61.80']
['', '', '', '10 LBS X', '4 BAGS', '*FUJI*', '18.40', 'CTNS', '', '', '', '0.000', '55.20']
['', '', '', '', '', '', '', '', '', '', '', '', '6.60', '10.7']
['30', 'PR100', '', 'BEST FRESH COCONUT', '', '', '40', 'CTNS', '', '11.00', 'per CTNS', '0.000', '440.00']
['', '', '', '9 COUNT', '*THAILAND*', '', '10.00', 'CTNS', '', '', '', '0.000', '400.00']
['', '', '', '', '', '', '', '', '', '', '', '', '40.00', '9.1']
['', '', '', '', '', '', '', '', '', '', 'Invoice totals:', '', '573.80']
['', '', '', '', '', '', '', '', '', '', '', '', '520.20']
['', '', '', '', '', '', '', '', '', '', '', '', '53.60', '9.3']
['', '', '', '', '', '', '', '', '', '', '', '', '156.44', '48.3']
['100', 'UT180A', '', '2 PLY BLANKET', '200X240 CM', '', '2', 'CTNS', '', '162.00', 'per CTNS', '0.000', '324.00']
['', '', '', '', '', '', '', '', '', '', '', '', '240.00', '100.0']
['60', 'PC202', '', 'CBH BON BON CHUA NGOT', '', '', '5', 'CTNS', '', '48.00', 'per CTNS', '0.000', '240.00']
['', '', '', '', '', '', '', '', '', '', '', '', '0.80', '1.2']
['30', 'TO102', '', 'HOUSE SOFT TOFU (GREEN)', '', '', '5', 'CTNS', '', '13.00', 'per CTNS', '0.000', '65.00']
['Invoice', '#:', '769379', 'Invoice date:', '09/27/18', 'Customer: K060', '', '', 'KIM NHUNG MARKETPLACE', '', '', 'Sales rep:', '17']
['', '', '', '', '', '', '', '', '', '', '', '', '0.48', '1.2']
['60', 'PC202', '', 'CBH BON BON CHUA NGOT', '', '', '5', 'CTNS', '', '48.00', 'per CTNS', '0.000', '240.00']
['', '', '', '800 GR X', '12 JAR', '', '0.00', 'CTNS', '', '', '', '0.000', '0.00']
['', '', '', '', '', '', '', '', '', '', '', '', '240.00', '100.0']
['90', 'PW155', '', 'BAO LONG VIT TIEM FLAVOR', '', '', '1', 'EACH', '', '37.00', 'per CTNS', '0.000', '37.00']
['', '', '', '144 BOX', '**6/7/2020', '', '26.09', 'EACH', '', '', '', '0.000', '26.09']
['', '', '', '', '', '', '', '', '', '', '', '', '10.91', '29.5']
['100', 'UT180A', '', '2 PLY BLANKET', '200X240 CM', '', '2', 'CTNS', '', '162.00', 'per CTNS', '0.000', '324.00']
['', '', '', '6 PCS/CS', '*HAPPY FAMILY*', '', '83.78', 'CTNS', '', '', '', '0.000', '167.56']
['', '', '', '', '', '', '', '', '', '', '', '', '156.44', '48.3']
['110', 'UT180A', '', '2 PLY BLANKET', '200X240 CM', '', '1', 'CTNS', '', '54.00', 'per CTNS', '0.000', '54.00']
['', '', '', '2 PCS/CS', '*SHORT', '4*', '83.78', 'CTNS', '', '', '', '0.000', '83.78']
['', '', '', '', '', '', '', '', '', '', '', '', '29.78-', '55.1-']
['', '', '', '', '', '', '', '', '', '', 'Invoice totals:', '', '1019.00']
['', '', '', '', '', '', '', '', '', '', '', '', '639.35']
['', '', '', '', '', '', '', '', '', '', '', '', '379.65', '37.3']
['Invoice', '#:', '769380', 'Invoice date:', '09/28/18', 'Customer: NZ', '', '', 'NZ ORIGIN', ',INC', '', 'Sales rep:', '15']
['', '', '', '', '', '', '', '', '', '', '', '', 'Gross-margin', 'Margin-%']
['10', 'TE136', '', '3 LADY. DIETER TEA', '30TBAG', '', '4', 'CTNS', '', '48.00', 'per CTNS', '0.000', '192.00']
['', '', '', '30 TBAG X', '24 BOX', '', '43.00', 'CTNS', '', '', '', '0.000', '172.00']
['', '', '', '', '', '', '', '', '', '', '', '', '20.00', '10.4']
['', '', '', '', '', '', '', '', '', '', 'Invoice totals:', '', '192.00']
['', '', '', '', '', '', '', '', '', '', '', '', '172.00']
['', '', '', '', '', '', '', '', '', '', '', '', '20.00', '10.4']
['', '', '', '', '', '', '', '', '', '', '', '4.00', '9.3']
['140', 'WK103', 'WOO KEE BANH CANH DO', '', '', '40', 'BAGS', '1.08', 'per', 'BAGS', '0.000', '43.20']
['', '', '', '', '', '', '', '', '', '', '', '5.00', '11.1']
['120', 'DD117', 'KTT CARI NI AN DO', '', '(16oz)', '1', 'CTNS', '45.00', 'per', 'CTNS', '0.000', '45.00']
['', '', '', '', '', '', '', '', '', '', '', '25.05', '33.4']
['90', 'DV200', 'LAL COOKING TAMARIND', '', '', '1', 'CTNS', '75.00', 'per', 'CTNS', '0.000', '75.00']
['', '', '', '', '', '', '', '', '', '', '', '6.00', '9.1']
['50', 'FR352', 'BMK PORK MEAT BALL', '', '', '1', 'CTNS', '66.00', 'per', 'CTNS', '0.000', '66.00']
['', '', '', '', '', '', '', '', '', '', '', '6.00', '9.1']
['30', 'FR350', 'BMK MEAT BALL', '', '', '1', 'CTNS', '66.00', 'per CTNS', '', '0.000', '66.00']
['Invoice', '#:', '769381', 'Invoice date:', '09/28/18', 'Customer:', '5', '', '5 STARS TRADING,LLC', 'Sales rep:', '15']
['', '', '', '', '', '', '', '', '', '', '', '6.00', '9.1']
['70', 'FP200', 'NP MAM NEM XAY', '', '', '1', 'CTNS', '42.00', 'per', 'CTNS', '0.000', '42.00']
['', '', '8.4 OZ X', '24', '*NP010*', '23.52', 'CTNS', '', '', '', '0.000', '23.52']
['', '', '', '', '', '', '', '', '', '', '', '18.48', '44.0']
['90', 'DV200', 'LAL COOKING TAMARIND', '', '', '1', 'CTNS', '75.00', 'per', 'CTNS', '0.000', '75.00']
['', '', '14 OZ X', '50 BAGS', '', '49.95', 'CTNS', '', '', '', '0.000', '49.95']
['', '', '', '', '', '', '', '', '', '', '', '25.05', '33.4']
['100', 'BS171', 'LAL SOUR BBS', '2 LBS', '', '1', 'CTNS', '16.00', 'per', 'CTNS', '0.000', '16.00']
['', '', '2 LBS X', '12 BOTTLE', '[A31b]', '11.25', 'CTNS', '', '', '', '0.000', '11.25']
['', '', '', '', '', '', '', '', '', '', '', '4.75', '29.7']
['120', 'DD117', 'KTT CARI NI AN DO', '', '(16oz)', '1', 'CTNS', '45.00', 'per', 'CTNS', '0.000', '45.00']
['', '', '16OZ/12 CURRY POWDER A-21', '', '', '40.00', 'CTNS', '', '', '', '0.000', '40.00']
['', '', '', '', '', '', '', '', '', '', '', '5.00', '11.1']
['130', 'WK102', 'WOO KEE BANH CANH XANH', '', '', '40', 'BAGS', '1.08', 'per', 'BAGS', '0.000', '43.20']
['', '', 'BAGS', '', 'sincere', '0.98', 'BAGS', '', '', '', '0.000', '39.20']
['', '', '', '', '', '', '', '', '', '', '', '4.00', '9.3']
['140', 'WK103', 'WOO KEE BANH CANH DO', '', '', '40', 'BAGS', '1.08', 'per', 'BAGS', '0.000', '43.20']
['', '', 'BAGS', 'sincere', '', '0.98', 'BAGS', '', '', '', '0.000', '39.20']
['', '', '', '', '', '', '', '', '', '', '', '4.00', '9.3']
['Invoice', '#:', '769381', 'Invoice date:', '09/28/18', 'Customer:', '5', '', '5 STARS TRADING,LLC', 'Sales rep:', '15']
['Seq# Item/Svc', '#', 'Description-1', 'Qty-shipped', 'Unit price', 'Lin-disc%', 'Ext-price']
['', '', 'Description-2', 'Unit cost', '', 'Ord-disc%', 'Ext-cost']
['', '', '', '', '', '', 'Gross-margin', 'Margin-%']
['', '', '', '', '', 'Invoice totals:', '508.40']
['', '', '', '', '', '', '412.32']
['', '', '', '', '', '', '96.08', '18.9']
['', '', '', '', '', '', '', '', '', '', '245.25', '17.8']
['30', 'VE130', 'KASET BEAN THREAD', '', '*THAI*', '25', 'CTNS', '55.00', 'per CTNS', '0.000', '1375.00']
['Invoice', '#:', '769382', 'Invoice date:', '09/27/18', 'Customer: S035', 'SIN LEE FOOD CORPORATION', '', 'Sales rep:', '14']
['', '', '', '', '', '', '', '', '', '', '31.50', '5.2']
['30', 'VE130', 'KASET BEAN THREAD', '', '*THAI*', '25', 'CTNS', '55.00', 'per CTNS', '0.000', '1375.00']
['', '', '17.6 OZ X', '20bg vermicelli', '', '45.19', 'CTNS', '', '', '0.000', '1129.75']
['', '', '', '', '', '', '', '', '', '', '245.25', '17.8']
['40', 'UT818', 'PALLET', '', '', '2', 'CTNS', '7.50', 'per CTNS', '0.000', '15.00']
['', '', 'EACH', '', '', '5.75', 'CTNS', '', '', '0.000', '11.50']
['', '', '', '', '', '', '', '', '', '', '3.50', '23.3']
['', '', '', '', '', '', '', '', 'Invoice totals:', '', '1997.50']
['', '', '', '', '', '', '', '', '', '', '1717.25']
['', '', '', '', '', '', '', '', '', '', '280.25', '14.0']
['Invoice', '#:', '769383', 'Invoice date:', '', '09/27/18', 'Customer: V011', '', 'VINH LONG MARKET', '', '', 'Sales rep:', '5']
['', '', '', '', '', '', '', '', '', '', '', '', 'Gross-margin', '', 'Margin-%']
['10', 'NT133', '', 'BLANCHED PEANUTS', '', '5 LBS', '4', 'CTNS', '', '33.00', 'per CTNS', '', '0.000', '132.00']
['', '', '', '5 LBS X', '6 BAGS', '', '29.50', 'CTNS', '', '', '', '', '0.000', '118.00']
['', '', '', '', '', '', '', '', '', '', '', '', '', '14.00', '10.6']
['', '', '', '', '', '', '', '', '', '', '', 'Invoice totals:', '', '132.00']
['', '', '', '', '', '', '', '', '', '', '', '', '', '118.00']
['', '', '', '', '', '', '', '', '', '', '', '', '', '14.00', '10.6']
['', '', '', '', '', '', '', '', '', '', '', '', '', '8.00', '9.6']
['110', 'FR281A', '', 'FR. BANH BIA DAU XANH', '', '', '1', 'CTNS', '', '83.00', 'per', 'CTNS', '0.000', '83.00']
['', '', '', '', '', '', '', '', '', '', '', '', '', '8.00', '10.5']
['90', 'FR004', '', 'MEMORI PUFF PARATHA ORG.', '', '', '2', 'CTNS', '', '38.00', 'per', 'CTNS', '0.000', '76.00']
['', '', '', '', '', '', '', '', '', '', '', '', '', '33.00', '26.8']
['70', 'FR341', '', 'TYJ PASTRY WRAPPER', '', '8"', '3', 'CTNS', '', '41.00', 'per', 'CTNS', '0.000', '123.00']
['', '', '', '', '', '', '', '', '', '', '', '', '', '11.60', '15.7']
['50', 'FR261', '', 'H.K. WONTON WRAPPER', '', '', '2', 'CTNS', '', '37.00', 'per', 'CTNS', '0.000', '74.00']
['', '', '', '', '', '', '', '', '', '', '', '', '', '12.00', '9.7']
['30', 'GR400A', '', 'Q-HUONG PORK BALL BBQ', '', '2LB', '2', 'CTNS', '', '62.00', 'per CTNS', '', '0.000', '124.00']
['Invoice', '#:', '769384', 'Invoice date:', '', '09/27/18', 'Customer: K012', '', 'KIM HEANG MARKET', '', '', 'Sales rep:', '15']
['60', 'FR340', '', 'TYJ PASTRY WRAPPER', '', '5"', '2', 'CTNS', '', '41.00', 'per', 'CTNS', '0.000', '82.00']
['', '', '', '8 OZ X', '40', '(50 pc) orange', '30.00', 'CTNS', '', '', '', '', '0.000', '60.00']
['', '', '', '', '', '', '', '', '', '', '', '', '', '22.00', '26.8']
['70', 'FR341', '', 'TYJ PASTRY WRAPPER', '', '8"', '3', 'CTNS', '', '41.00', 'per', 'CTNS', '0.000', '123.00']
['', '', '', '12 OZ X', '40', '(25 pc) brown', '30.00', 'CTNS', '', '', '', '', '0.000', '90.00']
['', '', '', '', '', '', '', '', '', '', '', '', '', '33.00', '26.8']
['80', 'FR322', '', 'WEI-C EGG ROLL SHELL', '', '', '5', 'CTNS', '', '39.00', 'per', 'CTNS', '0.000', '195.00']
['', '', '', '11 OZ', '(25 PCS) X', '40 BAGS', '34.00', 'CTNS', '', '', '', '', '0.000', '170.00']
['', '', '', '', '', '', '', '', '', '', '', '', '', '25.00', '12.8']
['90', 'FR004', '', 'MEMORI PUFF PARATHA ORG.', '', '', '2', 'CTNS', '', '38.00', 'per', 'CTNS', '0.000', '76.00']
['', '', '', '16.9 OZ X', '', '24 BAG orignal', '34.00', 'CTNS', '', '', '', '', '0.000', '68.00']
['', '', '', '', '', '', '', '', '', '', '', '', '', '8.00', '10.5']
['100', 'FR835', '', 'FR. BANH CANH', '', '*LAL FARM*', '4', 'CTNS', '', '32.00', 'per', 'CTNS', '0.000', '128.00']
['', '', '', '16OZ/24 (TAPIOCA NOODLES)', '', '', '18.00', 'CTNS', '', '', '', '', '0.000', '72.00']
['', '', '', '', '', '', '', '', '', '', '', '', '', '56.00', '43.8']
['110', 'FR281A', '', 'FR. BANH BIA DAU XANH', '', '', '1', 'CTNS', '', '83.00', 'per', 'CTNS', '0.000', '83.00']
['', '', '', '4 PCS X', '30 BAGS', '& SR', '75.00', 'CTNS', '', '', '', '', '0.000', '75.00']
['', '', '', '', '', '', '', '', '', '', '', '', '', '8.00', '9.6']
['150', 'FR826A', '', 'FRESH WATER SHRIMP', '', '2-4', '2', 'CTNS', '', '149.00', 'per', 'CTNS', '0.000', '298.00']
['', '', '', '2lbs/10 tom cang', '', '$7.45/lb', '127.00', 'CTNS', '', '', '', '', '0.000', '254.00']
['', '', '', '', '', '', '', '', '', '', '', '', '', '44.00', '14.8']
['', '', '', '', '', '', '', '', '', '', '', '50.00', '9.3']
['260', 'RS143', 'NG FUNG BUN BO HUE', '', '14 OZ', '10', 'CTNS', '54.00', 'per', 'CTNS', '0.000', '540.00']
['', '', '', '', '', '', '', '', '', '', '', '25.50', '10.0']
['230', 'RI140A', 'CALROSE RICE', '50 LBS', '', '10', 'BAGS', '25.50', 'per', 'BAGS', '0.000', '255.00']
['', '', '', '', '', '', '', '', '', '', '', '12.72', '25.4']
['210', 'COF107B', 'NESCAFE VIET', '2n1', '*DEN BOX', '1', 'CTNS', '50.00', 'per', 'CTNS', '0.000', '50.00']
['', '', '', '', '', '', '', '', '', '', '', '20.02', '27.8']
['190', 'RS104', 'MY THO BUN TUOI DAC BIET', '', '', '2', 'CTNS', '36.00', 'per', 'CTNS', '0.000', '72.00']
['', '', '', '', '', '', '', '', '', '', '', '48.00', '17.4']
['170', 'FR827P', 'SHRIMP H/L S/O', '', '71/90', '2', 'CTNS', '138.00', 'per CTNS', '', '0.000', '276.00']
['Invoice', '#:', '769384', 'Invoice date:', '09/27/18', 'Customer: K012', 'KIM HEANG MARKET', 'Sales rep:', '15']
['200', 'TA107', 'LAL HAT LUU DRIED TAPIOCA', '', '', '1', 'CTNS', '34.00', 'per', 'CTNS', '0.000', '34.00']
['', '', '3.5 OZ X', '50 BAGS', 'PEARLS', '20.00', 'CTNS', '', '', '', '0.000', '20.00']
['', '', '', '', '', '', '', '', '', '', '', '14.00', '41.2']
['210', 'COF107B', 'NESCAFE VIET', '2n1', '*DEN BOX', '1', 'CTNS', '50.00', 'per', 'CTNS', '0.000', '50.00']
['', '', '240G/24', 'EXP:4/10/19', '', '37.28', 'CTNS', '', '', '', '0.000', '37.28']
['', '', '', '', '', '', '', '', '', '', '', '12.72', '25.4']
['220', 'COF109B', 'NESCAFE VIET', '3n1', '*SUA DA', '2', 'CTNS', '50.00', 'per', 'CTNS', '0.000', '100.00']
['', '', '280G/24 EXP:11/19/19', '', '', '37.43', 'CTNS', '', '', '', '0.000', '74.86']
['', '', '', '', '', '', '', '', '', '', '', '25.14', '25.1']
['230', 'RI140A', 'CALROSE RICE', '50 LBS', '', '10', 'BAGS', '25.50', 'per', 'BAGS', '0.000', '255.00']
['', '', '50 LBS', '', '', '22.95', 'BAGS', '', '', '', '0.000', '229.50']
['', '', '', '', '', '', '', '', '', '', '', '25.50', '10.0']
['240', 'RI105', 'GC SWEET RICE', '*4 LBS*', '', '1', 'CTNS', '42.00', 'per', 'CTNS', '0.000', '42.00']
['', '', '4 LBS X', '12 BAGS', '', '38.00', 'CTNS', '', '', '', '0.000', '38.00']
['', '', '', '', '', '', '', '', '', '', '', '4.00', '9.5']
['260', 'RS143', 'NG FUNG BUN BO HUE', '', '14 OZ', '10', 'CTNS', '54.00', 'per', 'CTNS', '0.000', '540.00']
['', '', '14 OZ/60 BG', '*NF* LAIFEN', '', '49.00', 'CTNS', '', '', '', '0.000', '490.00']
['', '', '', '', '', '', '', '', '', '', '', '50.00', '9.3']
['280', 'NO148C', 'GOOD CHICKEN VERMICELLI', '', '', '2', 'CTNS', '25.50', 'per', 'CTNS', '0.000', '51.00']
['', '', '48 BAG X', '60 GR', 'yellow', '22.50', 'CTNS', '', '', '', '0.000', '45.00']
['', '', '', '', '', '', '', '', '', '', '', '6.00', '11.8']
['', '', '', '', '', '', '', '', '', '', '', '', '8.00', '10.5']
['380', 'CF230', 'LAL PALM SEED', '', '*ATTAP*', '', '2', 'CTNS', '38.00', 'per', 'CTNS', '0.000', '76.00']
['', '', '', '', '', '', '', '', '', '', '', '', '7.00', '13.5']
['360', 'NO335A', 'MAMA PHO CLEAR SOUP (L)', '', '', '', '1', 'CTNS', '52.00', 'per', 'CTNS', '0.000', '52.00']
['', '', '', '', '', '', '', '', '', '', '', '', '12.50', '10.9']
['340', 'NO300', 'ICHIBAN ORIGINAL NOODLE', '', '', '', '10', 'CTN', '11.50', 'per', 'CTN', '0.000', '115.00']
['', '', '', '', '', '', '', '', '', '', '', '', '7.00', '9.6']
['320', 'NO481', 'VIFON phu gia MIEN CUA/R', '', '', '', '2', 'CTNS', '36.50', 'per', 'CTNS', '0.000', '73.00']
['', '', '', '', '', '', '', '', '', '', '', '', '6.00', '11.8']
['300', 'NO148B', 'GOOD TOMYUM VERMICELLI', '', '', '', '2', 'CTNS', '25.50', 'per CTNS', '', '0.000', '51.00']
['Invoice', '#:', '769384', 'Invoice date:', '09/27/18', 'Customer: K012', 'KIM HEANG MARKET', 'Sales rep:', '15']
['330', 'NO481A', 'VIFON phu gia MIEN GA/Y', '', '', '', '2', 'CTNS', '36.50', 'per', 'CTNS', '0.000', '73.00']
['', '', '60 G/12 BG/6', '', '[J24]', '', '33.00', 'CTNS', '', '', '', '0.000', '66.00']
['', '', '', '', '', '', '', '', '', '', '', '', '7.00', '9.6']
['340', 'NO300', 'ICHIBAN ORIGINAL NOODLE', '', '', '', '10', 'CTN', '11.50', 'per', 'CTN', '0.000', '115.00']
['', '', '3.5 OZ X', '24 BAGS', '', '', '10.25', 'CTN', '', '', '', '0.000', '102.50']
['', '', '', '', '', '', '', '', '', '', '', '', '12.50', '10.9']
['350', 'NO335', 'MAMA PHO CLEAR SOUP (S)', '', '', '', '2', 'CTNS', '52.00', 'per', 'CTNS', '0.000', '104.00']
['', '', '30 BGS X', '6 BOX', '', '', '45.00', 'CTNS', '', '', '', '0.000', '90.00']
['', '', '', '', '', '', '', '', '', '', '', '', '14.00', '13.5']
['360', 'NO335A', 'MAMA PHO CLEAR SOUP (L)', '', '', '', '1', 'CTNS', '52.00', 'per', 'CTNS', '0.000', '52.00']
['', '', '30 BAGS X', '6', 'FLAT NOODLE', '', '45.00', 'CTNS', '', '', '', '0.000', '45.00']
['', '', '', '', '', '', '', '', '', '', '', '', '7.00', '13.5']
['370', 'NO333', 'MAMA CLEAR BEANTHREAD', '', '', '', '1', 'CTNS', '56.00', 'per', 'CTNS', '0.000', '56.00']
['', '', '1.7 OZ X', '(6 X', '30)', '[J3]', '50.00', 'CTNS', '', '', '', '0.000', '50.00']
['', '', '', '', '', '', '', '', '', '', '', '', '6.00', '10.7']
['380', 'CF230', 'LAL PALM SEED', '', '*ATTAP*', '', '2', 'CTNS', '38.00', 'per', 'CTNS', '0.000', '76.00']
['', '', '20 OZ X', '24 CANS', '', '[B14]', '34.00', 'CTNS', '', '', '', '0.000', '68.00']
['', '', '', '', '', '', '', '', '', '', '', '', '8.00', '10.5']
['410', 'MI120', 'BLACK & WHITE COND. MILK', '', '', '', '5', 'CTNS', '38.00', 'per', 'CTNS', '0.000', '190.00']
['', '', '14 OZ X', '24 CANS', '', '[C25]', '32.00', 'CTNS', '', '', '', '0.000', '160.00']
['', '', '', '', '', '', '', '', '', '', '', '', '30.00', '15.8']
['', '', '', '', '', '', '', '', '', '', '', '11.00', '9.8']
['520', 'SD121', 'LIGO SARDINE RED', '', '5.5 OZ', '2', 'CTNS', '56.00', 'per', 'CTNS', '0.000', '112.00']
['', '', '', '', '', '', '', '', '', '', '', '12.00', '9.1']
['500', 'HM151A', 'CALIFORNIA.*HOT* CHICKEN', '', '', '1', 'CTNS', '132.00', 'per', 'CTNS', '0.000', '132.00']
['', '', '', '', '', '', '', '', '', '', '', '12.00', '9.1']
['480', 'HM152A', 'CALIFORNIA.*HOT* PORK', '', '', '1', 'CTNS', '132.00', 'per', 'CTNS', '0.000', '132.00']
['', '', '', '', '', '', '', '', '', '', '', '10.18', '19.6']
['450', 'HM110', 'FLOWER LIVER PATE', '', '*2.7 OZ', '2', 'CTNS', '26.00', 'per', 'CTNS', '0.000', '52.00']
['', '', '', '', '', '', '', '', '', '', '', '40.00', '26.7']
['430', 'PW301A', 'CHAO THAI COCONUT PWD', '', '13z', '5', 'CTNS', '30.00', 'per CTNS', '', '0.000', '150.00']
['Invoice', '#:', '769384', 'Invoice date:', '09/27/18', 'Customer: K012', 'KIM HEANG MARKET', 'Sales rep:', '15']
['460', 'HL104', 'OX & PALM CORNED BEEF', '', '*L*', '2', 'CTNS', '108.00', 'per', 'CTNS', '0.000', '216.00']
['', '', '15 OZ X', '24', 'CHUNKY', '98.00', 'CTNS', '', '', '', '0.000', '196.00']
['', '', '', '', '', '', '', '', '', '', '', '20.00', '9.3']
['480', 'HM152A', 'CALIFORNIA.*HOT* PORK', '', '', '1', 'CTNS', '132.00', 'per', 'CTNS', '0.000', '132.00']
['', '', '16 OZ X', '24 BAG', 'SAUSAGE', '120.00', 'CTNS', '', '', '', '0.000', '120.00']
['', '', '', '', '', '', '', '', '', '', '', '12.00', '9.1']
['490', 'HM151', 'CALIFORNIA.CHICKEN SAUSAG', '', '', '1', 'CTNS', '132.00', 'per', 'CTNS', '0.000', '132.00']
['', '', '16 OZ X', '24 BAGS', '', '120.00', 'CTNS', '', '', '', '0.000', '120.00']
['', '', '', '', '', '', '', '', '', '', '', '12.00', '9.1']
['500', 'HM151A', 'CALIFORNIA.*HOT* CHICKEN', '', '', '1', 'CTNS', '132.00', 'per', 'CTNS', '0.000', '132.00']
['', '', '16 OZ X', '24 BAG', 'SAUSAGE', '120.00', 'CTNS', '', '', '', '0.000', '120.00']
['', '', '', '', '', '', '', '', '', '', '', '12.00', '9.1']
['510', 'SD120', 'LIGO SARDINE GREEN', '', '5.5 OZ', '2', 'CTNS', '56.00', 'per', 'CTNS', '0.000', '112.00']
['', '', '5.5 OZ X', '100 CAN', '', '50.50', 'CTNS', '', '', '', '0.000', '101.00']
['', '', '', '', '', '', '', '', '', '', '', '11.00', '9.8']
['520', 'SD121', 'LIGO SARDINE RED', '', '5.5 OZ', '2', 'CTNS', '56.00', 'per', 'CTNS', '0.000', '112.00']
['', '', '5.5 OZ X', '100 CAN', 'CHILI', '50.50', 'CTNS', '', '', '', '0.000', '101.00']
['', '', '', '', '', '', '', '', '', '', '', '11.00', '9.8']
['530', 'SA106', 'LKK HOISIN SAUCE', '', '*36 OZ*', '10', 'CTNS', '29.00', 'per', 'CTNS', '0.000', '290.00']
['', '', '36 OZ X', '12 BT', '[H38]', '25.75', 'CTNS', '', '', '', '0.000', '257.50']
['', '', '', '', '', '', '', '', '', '', '', '32.50', '11.2']
['', '', '', '', '', '', '', '', '', '', '', '', '3.25', '10.0']
['630', 'BR116A', 'NEW CHOICE VEGETABLE SOUP', '', '', '', '5', 'CTNS', '6.50', 'per', 'CTNS', '0.000', '32.50']
['', '', '', '', '', '', '', '', '', '', '', '', '8.00', '9.1']
['610', 'PW209', 'INDIAN CURRY POWDER', '', '', '16oz', '1', 'CTNS', '88.00', 'per', 'CTNS', '0.000', '88.00']
['', '', '', '', '', '', '', '', '', '', '', '', '20.56-', '0.0']
['590', 'SS107D', 'CJ HOT & SPICY SAUCE', '', '', '*L*', '1', 'CTNS', '0.00', 'per', 'CTNS', '0.000', '0.00']
['', '', '', '', '', '', '', '', '', '', '', '', '12.88', '23.9']
['570', 'SS107G', 'CJ CHICKEN BBQ SAUCE', '', '', '*L*', '2', 'CTNS', '27.00', 'per', 'CTNS', '0.000', '54.00']
['', '', '', '', '', '', '', '', '', '', '', '', '19.32', '23.9']
['550', 'SS107E', 'CJ KALBI RIB SAUCE', '', '', '*L*', '3', 'CTNS', '27.00', 'per CTNS', '', '0.000', '81.00']
['Invoice', '#:', '769384', 'Invoice date:', '09/27/18', 'Customer: K012', 'KIM HEANG MARKET', 'Sales rep:', '15']
['580', 'SS107D', 'CJ HOT & SPICY SAUCE', '', '', '*L*', '2', 'CTNS', '27.00', 'per', 'CTNS', '0.000', '54.00']
['', '', '840 GR X', '8', '10+1', '', '20.56', 'CTNS', '', '', '', '0.000', '41.12']
['', '', '', '', '', '', '', '', '', '', '', '', '12.88', '23.9']
['590', 'SS107D', 'CJ HOT & SPICY SAUCE', '', '', '*L*', '1', 'CTNS', '0.00', 'per', 'CTNS', '0.000', '0.00']
['', '', '840 GR X', '8', '10+1', '', '20.56', 'CTNS', '', '', '', '0.000', '20.56']
['', '', '', '', '', '', '', '', '', '', '', '', '20.56-', '0.0']
['600', 'CI102', 'SAMBAL OELEK GR CHILI', '', '', '*L*', '2', 'CTNS', '25.00', 'per', 'CTNS', '0.000', '50.00']
['', '', '8.5 LB X', '3 BT', '', 'PASTE', '22.00', 'CTNS', '', '', '', '0.000', '44.00']
['', '', '', '', '', '', '', '', '', '', '', '', '6.00', '12.0']
['610', 'PW209', 'INDIAN CURRY POWDER', '', '', '16oz', '1', 'CTNS', '88.00', 'per', 'CTNS', '0.000', '88.00']
['', '', '1 LBS x', '24 CANS MALAYSIA', '', '', '80.00', 'CTNS', '', '', '', '0.000', '80.00']
['', '', '', '', '', '', '', '', '', '', '', '', '8.00', '9.1']
['620', 'BR115', 'NEW CHOICE CHICKEN BROTH', '', '', '', '5', 'CTNS', '5.80', 'per', 'CTNS', '0.000', '29.00']
['', '', '14 OZ X', '12 CAN soup ga', '', '', '5.20', 'CTNS', '', '', '', '0.000', '26.00']
['', '', '', '', '', '', '', '', '', '', '', '', '3.00', '10.3']
['630', 'BR116A', 'NEW CHOICE VEGETABLE SOUP', '', '', '', '5', 'CTNS', '6.50', 'per', 'CTNS', '0.000', '32.50']
['', '', '14 OZ X', '12 CAN SOUP CHAY', '', '', '5.85', 'CTNS', '', '', '', '0.000', '29.25']
['', '', '', '', '', '', '', '', '', '', '', '', '3.25', '10.0']
['640', 'BR121', 'QUOC VIET BO KHO chay', '', '', '*S*', '1', 'CTNS', '102.00', 'per', 'CTNS', '0.000', '102.00']
['', '', '10 OZ X', '24 JARS', '', '#02', '91.80', 'CTNS', '', '', '', '0.000', '91.80']
['', '', '', '', '', '', '', '', '', '', '', '', '10.20', '10.0']
['', '', '', '', '', '', '', '', '', '', '', '3.40', '10.0']
['770', 'FD116', 'KING CAR LEMON TEA S', '', '', '2', 'CTNS', '17.00', 'per', 'CTNS', '0.000', '34.00']
['', '', '', '', '', '', '', '', '', '', '', '3.40', '10.6']
['750', 'FD153A', 'CHIN-C GREEN TEA honey', '', '', '2', 'CTN', '16.00', 'per', 'CTN', '0.000', '32.00']
['', '', '', '', '', '', '', '', '', '', '', '3.00', '12.0']
['730', 'CH121', 'CALBEE SHRIMP CHIPS', '', '4 OZ', '2', 'CTNS', '12.50', 'per', 'CTNS', '0.000', '25.00']
['', '', '', '', '', '', '', '', '', '', '', '4.00', '10.0']
['700', 'CO116B', 'CRISPY ROLLS COCONUT FLV.', '', '', '1', 'CTNS', '40.00', 'per', 'CTNS', '0.000', '40.00']
['', '', '', '', '', '', '', '', '', '', '', '7.36', '10.5']
['680', 'PW162', 'PANKO BREAD CRUMB JAPAN', '', '', '2', 'CTNS', '35.00', 'per CTNS', '', '0.000', '70.00']
['Invoice', '#:', '769384', 'Invoice date:', '09/27/18', 'Customer: K012', 'KIM HEANG MARKET', 'Sales rep:', '15']
['710', 'CO116A', 'CRISPY ROLLS PANDAN FLV.', '', '', '2', 'CTNS', '40.00', 'per', 'CTNS', '0.000', '80.00']
['', '', '6.3 O/24 BG', '', '*RED.B* GREEN', '36.00', 'CTNS', '', '', '', '0.000', '72.00']
['', '', '', '', '', '', '', '', '', '', '', '8.00', '10.0']
['730', 'CH121', 'CALBEE SHRIMP CHIPS', '', '4 OZ', '2', 'CTNS', '12.50', 'per', 'CTNS', '0.000', '25.00']
['', '', '4 OZ/12 BAG', '', '[J47]', '11.00', 'CTNS', '', '', '', '0.000', '22.00']
['', '', '', '', '', '', '', '', '', '', '', '3.00', '12.0']
['740', 'FD153B', 'CHIN-C ASSAM BLACK TEA/BT', '', '', '2', 'CTNS', '16.00', 'per', 'CTNS', '0.000', '32.00']
['', '', '17.9 Z X', '24 BT CRV005', '', '14.30', 'CTNS', '', '', '', '0.000', '28.60']
['', '', '', '', '', '', '', '', '', '', '', '3.40', '10.6']
['750', 'FD153A', 'CHIN-C GREEN TEA honey', '', '', '2', 'CTN', '16.00', 'per', 'CTN', '0.000', '32.00']
['', '', '17.9OZ/24 BT', '', '[E17] CRV005', '14.30', 'CTN', '', '', '', '0.000', '28.60']
['', '', '', '', '', '', '', '', '', '', '', '3.40', '10.6']
['760', 'FD151', 'CHIN-C ALOE VERA JUICE L', '', '', '2', 'CTNS', '24.00', 'per', 'CTNS', '0.000', '48.00']
['', '', '50.7 z/12 BT E18 CRV4', '', '*L*', '21.30', 'CTNS', '', '', '', '0.000', '42.60']
['', '', '', '', '', '', '', '', '', '', '', '5.40', '11.3']
['770', 'FD116', 'KING CAR LEMON TEA S', '', '', '2', 'CTNS', '17.00', 'per', 'CTNS', '0.000', '34.00']
['', '', '19.6 Z X', '24 BT', 'CRV005', '15.30', 'CTNS', '', '', '', '0.000', '30.60']
['', '', '', '', '', '', '', '', '', '', '', '3.40', '10.0']
['780', 'FD356', "YEO'S SOYBEAN DR. ppbox", '', '', '10', 'CTNS', '8.00', 'per', 'CTNS', '0.000', '80.00']
['', '', '250 ML/24 PAPERBOX', '', '10+1', '6.25', 'CTNS', '', '', '', '0.000', '62.50']
['', '', '', '', '', '', '', '', '', '', '', '17.50', '21.9']
['', '', '', '', '', '', '', '', '', '', '', '22.50', '10.4']
['840', 'UT230', 'GAS BURNER', '', '', '', '3', 'CTNS', '72.00', 'per CTNS', '0.000', '216.00']
['', '', '', '', '', '', '', '', '', '', '9.42', '27.3']
['820', 'FD109E', 'MOGU MOGU LYCHEE DR. W/', '', '', '3', 'CTNS', '11.50', 'per CTNS', '0.000', '34.50']
['', '', '', '', '', '', '', '', '', '', '4.00', '11.4']
['800', 'FD107B', 'CHAOKOH COCO JUICE W/MEAT', '', '', '2', 'CTNS', '17.50', 'per CTNS', '0.000', '35.00']
['Invoice', '#:', '769384', 'Invoice date:', '09/27/18', 'Customer: K012', 'KIM HEANG MARKET', 'Sales rep:', '15']
['', '', '', '', '', '', '', '', '', '', '12.50', '15.2']
['820', 'FD109E', 'MOGU MOGU LYCHEE DR. W/', '', '', '3', 'CTNS', '11.50', 'per CTNS', '0.000', '34.50']
['', '', '320ML X', '24 NATA COCO', '', '8.36', 'CTNS', '', '', '0.000', '25.08']
['', '', '', '', '', '', '', '', '', '', '9.42', '27.3']
['830', 'ME102', 'SALONPAS', '*HOT*', '', '2', 'BOX', '68.00', 'per BOX', '0.000', '136.00']
['', '', 'BOX/', '50pcs', '', '', '56.00', 'BOX', '', '', '0.000', '112.00']
['', '', '', '', '', '', '', '', '', '', '', '24.00', '17.6']
['840', 'UT230', 'GAS BURNER', '', '', '', '3', 'CTNS', '72.00', 'per CTNS', '0.000', '216.00']
['', '', 'CASE', '/', '6 PCS X', '$12.00', '64.50', 'CTNS', '', '', '0.000', '193.50']
['', '', '', '', '', '', '', '', '', '', '', '22.50', '10.4']
['850', 'UT818', 'PALLET', '', '', '', '3', 'CTNS', '7.50', 'per CTNS', '0.000', '22.50']
['', '', 'EACH', '', '', '', '5.75', 'CTNS', '', '', '0.000', '17.25']
['', '', '', '', '', '', '', '', '', '', '', '5.25', '23.3']
['', '', '', '', '', '', '', '', '', 'Invoice totals:', '', '7984.00']
['', '', '', '', '', '', '', '', '', '', '', '6886.87']
['', '', '', '', '', '', '', '', '', '', '', '1097.13', '13.7']
['', '', '', '', '', '', '', '', '', '', '', '', '2.00', '10.8']
['140', 'NO248', 'LA BO DE MI CHAY', '', '', '', '1', 'BDL', '18.50', 'per', 'BDL', '0.000', '18.50']
['', '', '', '', '', '', '', '', '', '', '', '', '12.92', '34.5']
['120', 'RS105', 'MY THO BANH HOI TUOI', '', '', '*VN*', '1', 'CTNS', '37.40', 'per', 'CTNS', '0.000', '37.40']
['', '', '', '', '', '', '', '', '', '', '', '', '8.80', '9.4']
['90', 'TH103', 'TAYHO BEEF MEAT BALLS', '', '', '', '1', 'CTNS', '94.00', 'per', 'CTNS', '0.000', '94.00']
['', '', '', '', '', '', '', '', '', '', '', '', '6.60', '8.8']
['70', 'TH100', 'TAYHO CHA LUA (PORK MEAT)', '', '', '', '1', 'CTNS', '75.00', 'per', 'CTNS', '0.000', '75.00']
['', '', '', '', '', '', '', '', '', '', '', '', '8.80', '9.4']
['40', 'TH104', 'TAYHO BEEF TENDON BALLS', '', '', '', '1', 'CTNS', '94.00', 'per CTNS', '', '0.000', '94.00']
['Invoice', '#:', '769385', 'Invoice date:', '09/27/18', 'Customer: CH', 'CHINATOWN SUPERMARKET', '', 'Sales rep:', '15']
['80', 'TH107', 'TAYHO PORK SAUSAGE W/SKIN', '', '', '', '1', 'CTNS', '82.50', 'per', 'CTNS', '0.000', '82.50']
['', '', '14 OZ X', '24 (doi gio heo)', '', '', '74.40', 'CTNS', '', '', '', '0.000', '74.40']
['', '', '', '', '', '', '', '', '', '', '', '', '8.10', '9.8']
['90', 'TH103', 'TAYHO BEEF MEAT BALLS', '', '', '', '1', 'CTNS', '94.00', 'per', 'CTNS', '0.000', '94.00']
['', '', '13 OZ X', '24 (bo vien)', '', '', '85.20', 'CTNS', '', '', '', '0.000', '85.20']
['', '', '', '', '', '', '', '', '', '', '', '', '8.80', '9.4']
['100', 'FR160', 'OF CA KEO', 'GOBY FISH', '', '', '1', 'CTNS', '78.00', 'per', 'CTNS', '0.000', '78.00']
['', '', '14 OZ X', '30 BAGS', '', '', '57.69', 'CTNS', '', '', '', '0.000', '57.69']
['', '', '', '', '', '', '', '', '', '', '', '', '20.31', '26.0']
['120', 'RS105', 'MY THO BANH HOI TUOI', '', '', '*VN*', '1', 'CTNS', '37.40', 'per', 'CTNS', '0.000', '37.40']
['', '', '12 OZ X', '40 BG', '', '*10+2*', '24.48', 'CTNS', '', '', '', '0.000', '24.48']
['', '', '', '', '', '', '', '', '', '', '', '', '12.92', '34.5']
['130', 'RS104', 'MY THO BUN TUOI DAC BIET', '', '', '', '1', 'CTNS', '36.00', 'per', 'CTNS', '0.000', '36.00']
['', '', '2 LBS X', '18 BAG', '', '**10+1**', '25.99', 'CTNS', '', '', '', '0.000', '25.99']
['', '', '', '', '', '', '', '', '', '', '', '', '10.01', '27.8']
['140', 'NO248', 'LA BO DE MI CHAY', '', '', '', '1', 'BDL', '18.50', 'per', 'BDL', '0.000', '18.50']
['', '', '2.28 OZ', '(3 X', '30)', '[J16]', '16.50', 'BDL', '', '', '', '0.000', '16.50']
['', '', '', '', '', '', '', '', '', '', '', '', '2.00', '10.8']
['150', 'NO238', 'OH RICEY HU TIEU', '', '', '24 BAG', '1', 'BDL', '31.50', 'per', 'BDL', '0.000', '31.50']
['', '', '24 BAGS X', '', '3 BOX NAM VANG', '', '27.75', 'BDL', '', '', '', '0.000', '27.75']
['', '', '', '', '', '', '', '', '', '', '', '', '3.75', '11.9']
['', '', '', '', '', '', '', '', '', '', '', '', '7.02', '19.0']
['280', 'SL100', 'MORTON PLAIN SALT', '', '', '', '2', 'CTNS', '18.50', 'per', 'CTNS', '0.000', '37.00']
['', '', '', '', '', '', '', '', '', '', '', '', '10.20', '10.0']
['260', 'BR120', 'QUOC VIET PHO BO', '', '*S*', '', '1', 'CTNS', '102.00', 'per', 'CTNS', '0.000', '102.00']
['', '', '', '', '', '', '', '', '', '', '', '', '3.50', '10.4']
['240', 'SS163', 'DARLING NOODLE SAUCE', '', '', '', '1', 'CTNS', '33.50', 'per', 'CTNS', '0.000', '33.50']
['', '', '', '', '', '', '', '', '', '', '', '', '14.00', '13.5']
['200', 'NO335', 'MAMA PHO CLEAR SOUP (S)', '', '', '', '2', 'CTNS', '52.00', 'per', 'CTNS', '0.000', '104.00']
['', '', '', '', '', '', '', '', '', '', '', '', '30.00', '13.0']
['170', 'NO331', 'MAMA TOMYUM NOODLE (BAG)', '', '', '', '5', 'CTNS', '46.00', 'per CTNS', '', '0.000', '230.00']
['Invoice', '#:', '769385', 'Invoice date:', '09/27/18', 'Customer: CH', 'CHINATOWN SUPERMARKET', '', 'Sales rep:', '15']
['210', 'NO200', 'MAMY PHO', '', '', '', '1', 'CTNS', '54.00', 'per', 'CTNS', '0.000', '54.00']
['', '', '1.7 OZ X', '(6 X', '30)', '[J6]', '49.50', 'CTNS', '', '', '', '0.000', '49.50']
['', '', '', '', '', '', '', '', '', '', '', '', '4.50', '8.3']
['240', 'SS163', 'DARLING NOODLE SAUCE', '', '', '', '1', 'CTNS', '33.50', 'per', 'CTNS', '0.000', '33.50']
['', '', '500 GR X', '12 BT', '', '[H26]', '30.00', 'CTNS', '', '', '', '0.000', '30.00']
['', '', '', '', '', '', '', '', '', '', '', '', '3.50', '10.4']
['250', 'PA171', '2 CHICKEN SHRIMP PASTE-S-', '', '', '', '1', 'CTNS', '38.00', 'per', 'CTNS', '0.000', '38.00']
['', '', '6 OZ X', '24', '', '', '32.00', 'CTNS', '', '', '', '0.000', '32.00']
['', '', '', '', '', '', '', '', '', '', '', '', '6.00', '15.8']
['260', 'BR120', 'QUOC VIET PHO BO', '', '*S*', '', '1', 'CTNS', '102.00', 'per', 'CTNS', '0.000', '102.00']
['', '', '10 OZ X', '24 JARS', '', '#03', '91.80', 'CTNS', '', '', '', '0.000', '91.80']
['', '', '', '', '', '', '', '', '', '', '', '', '10.20', '10.0']
['270', 'KS226', 'SK BOT NGHE', '', '16 OZ (CHAI)', '', '1', 'CTNS', '50.00', 'per', 'CTNS', '0.000', '50.00']
['', '', '16 OZ X', '12 BT', '', '[G7b]', '45.50', 'CTNS', '', '', '', '0.000', '45.50']
['', '', '', '', '', '', '', '', '', '', '', '', '4.50', '9.0']
['280', 'SL100', 'MORTON PLAIN SALT', '', '', '', '2', 'CTNS', '18.50', 'per', 'CTNS', '0.000', '37.00']
['', '', '26 OZ X', '24', '', '', '14.99', 'CTNS', '', '', '', '0.000', '29.98']
['', '', '', '', '', '', '', '', '', '', '', '', '7.02', '19.0']
['290', 'SL100B', 'MORTON IODIZED SALT', '', '', '', '2', 'CTNS', '18.50', 'per', 'CTNS', '0.000', '37.00']
['', '', '26 OZ X', '24 CAN', '', '', '15.99', 'CTNS', '', '', '', '0.000', '31.98']
['', '', '', '', '', '', '', '', '', '', '', '', '5.02', '13.6']
['', '', '', '', '', '', '', '', '', '', '', '', '', '2.00', '10.5']
['430', 'SA171', "YEO'S CURRY GRAVY (L)", '', '', '', '', '1', 'CTNS', '19.00', 'per', 'CTNS', '0.000', '19.00']
['', '', '', '', '', '', '', '', '', '', '', '', '', '5.20', '9.1']
['410', 'SS131', 'PRB LIGHT SOY SAUCE', '', '', '', '500ML', '2', 'CTNS', '28.50', 'per', 'CTNS', '0.000', '57.00']
['', '', '', '', '', '', '', '', '', '', '', '', '', '2.50', '9.8']
['380', 'SA174', "YEO'S KAYA (COCONUT JAM)", '', '', '', '', '1', 'CTNS', '25.50', 'per', 'CTNS', '0.000', '25.50']
['', '', '', '', '', '', '', '', '', '', '', '', '', '9.00', '42.9']
['360', 'SS190B', 'MAGGI SOY SAUCE VN LARGE', '', '', '', '', '1', 'CTNS', '21.00', 'per', 'CTNS', '0.000', '21.00']
['', '', '', '', '', '', '', '', '', '', '', '', '', '3.00', '10.7']
['310', 'CO158B', 'HELLO KITTY CHOCOLATE', '', '', '', '', '1', 'CTNS', '28.00', 'per CTNS', '', '0.000', '28.00']
['Invoice', '#:', '769385', 'Invoice date:', '09/27/18', 'Customer: CH', 'CHINATOWN SUPERMARKET', '', 'Sales rep:', '15']
['370', 'BN140', 'YANG J PRESERVE BEAN', '', '', '', '', '2', 'CTNS', '39.00', 'per', 'CTNS', '0.000', '78.00']
['', '', '16 OZ X', '36 BOXES', '', '', '', '34.20', 'CTNS', '', '', '', '0.000', '68.40']
['', '', '', '', '', '', '', '', '', '', '', '', '', '9.60', '12.3']
['380', 'SA174', "YEO'S KAYA (COCONUT JAM)", '', '', '', '', '1', 'CTNS', '25.50', 'per', 'CTNS', '0.000', '25.50']
['', '', '17.5 OZ X', '', '12', '**L**', '[C22]', '23.00', 'CTNS', '', '', '', '0.000', '23.00']
['', '', '', '', '', '', '', '', '', '', '', '', '', '2.50', '9.8']
['400', 'SS108', 'SUPER-Q VEGE SOY SCE', '', '', '', '27oz', '1', 'CTNS', '39.00', 'per', 'CTNS', '0.000', '39.00']
['', '', '27z/12 squareBT V.YEU', '', '', '', '', '36.00', 'CTNS', '', '', '', '0.000', '36.00']
['', '', '', '', '', '', '', '', '', '', '', '', '', '3.00', '7.7']
['410', 'SS131', 'PRB LIGHT SOY SAUCE', '', '', '', '500ML', '2', 'CTNS', '28.50', 'per', 'CTNS', '0.000', '57.00']
['', '', '17 OZ X', '24', '[F30] SUPERIOR', '', '', '25.90', 'CTNS', '', '', '', '0.000', '51.80']
['', '', '', '', '', '', '', '', '', '', '', '', '', '5.20', '9.1']
['420', 'SA190', 'ORCHIDS OYSTER MUSHROOM', '', '', '', '', '1', 'CTNS', '27.00', 'per', 'CTNS', '0.000', '27.00']
['', '', '15z/12 BT SAUCE', '', '', '', '[H26]', '24.00', 'CTNS', '', '', '', '0.000', '24.00']
['', '', '', '', '', '', '', '', '', '', '', '', '', '3.00', '11.1']
['430', 'SA171', "YEO'S CURRY GRAVY (L)", '', '', '', '', '1', 'CTNS', '19.00', 'per', 'CTNS', '0.000', '19.00']
['', '', '14.OZ/12 JAR SINGAPORE', '', '', '', '', '17.00', 'CTNS', '', '', '', '0.000', '17.00']
['', '', '', '', '', '', '', '', '', '', '', '', '', '2.00', '10.5']
['440', 'BR132', 'QUOC VIET SOUP CA RI GA', '', '', '', '', '1', 'CTNS', '102.00', 'per', 'CTNS', '0.000', '102.00']
['', '', '8 OZ X', '24 JARS', '', '', '#21', '91.80', 'CTNS', '', '', '', '0.000', '91.80']
['', '', '', '', '', '', '', '', '', '', '', '', '', '10.20', '10.0']
['', '', '', '', '', '', '', '', '', '', '', '', '4.05', '10.9']
['580', 'SS130', 'PRB DARK SOY SAUCE', '', '', '500ML', '1', 'CTNS', '37.00', 'per', 'CTNS', '0.000', '37.00']
['', '', '', '', '', '', '', '', '', '', '', '', '10.00', '9.4']
['560', 'SS217', 'MELY SOY SAUCE', '', '21.9 OZ', '', '2', 'CTNS', '53.00', 'per', 'CTNS', '0.000', '106.00']
['', '', '', '', '', '', '', '', '', '', '', '', '4.00', '12.1']
['530', 'SS191', 'MAGGI SEASONING SOYSAUCE', '', '', '', '1', 'CTNS', '33.00', 'per', 'CTNS', '0.000', '33.00']
['', '', '', '', '', '', '', '', '', '', '', '', '5.00', '9.3']
['500', 'FP127', 'QUE HUONG MAM NEM PHA', '', '', '*L*', '1', 'CTNS', '54.00', 'per', 'CTNS', '0.000', '54.00']
['', '', '', '', '', '', '', '', '', '', '', '', '8.55', '9.9']
['480', 'HL105', 'OX & PALM CORNED BEEF', '', '', '*M*', '1', 'CTNS', '86.00', 'per CTNS', '', '0.000', '86.00']
['Invoice', '#:', '769385', 'Invoice date:', '09/27/18', 'Customer: CH', 'CHINATOWN SUPERMARKET', '', 'Sales rep:', '15']
['510', 'FP146', 'PAGOLAC MAM NEM PHA SAN', '', '', '', '1', 'CTNS', '36.00', 'per', 'CTNS', '0.000', '36.00']
['', '', '12.5 OZ X', '12 BT', '', '', '32.00', 'CTNS', '', '', '', '0.000', '32.00']
['', '', '', '', '', '', '', '', '', '', '', '', '4.00', '11.1']
['530', 'SS191', 'MAGGI SEASONING SOYSAUCE', '', '', '', '1', 'CTNS', '33.00', 'per', 'CTNS', '0.000', '33.00']
['', '', '27 OZ X', '6 BT', '[F15]', '*L*', '29.00', 'CTNS', '', '', '', '0.000', '29.00']
['', '', '', '', '', '', '', '', '', '', '', '', '4.00', '12.1']
['550', 'SS195', 'FRENCH MAGGI SAUCE', '', '', '*S*', '1', 'CTNS', '61.00', 'per', 'CTNS', '0.000', '61.00']
['', '', '200 ML X', '12 BOTTLE', '', '10+1', '49.00', 'CTNS', '', '', '', '0.000', '49.00']
['', '', '', '', '', '', '', '', '', '', '', '', '12.00', '19.7']
['560', 'SS217', 'MELY SOY SAUCE', '', '21.9 OZ', '', '2', 'CTNS', '53.00', 'per', 'CTNS', '0.000', '106.00']
['', '', '21.9 OZ X', '12 BT', '', '[F23]', '48.00', 'CTNS', '', '', '', '0.000', '96.00']
['', '', '', '', '', '', '', '', '', '', '', '', '10.00', '9.4']
['570', 'SS160', 'ABC .SWEET SOY SAUCE', '', '', '', '2', 'CTNS', '35.00', 'per', 'CTNS', '0.000', '70.00']
['', '', '21 OZ X', '12 BT', '', '[F26]', '31.50', 'CTNS', '', '', '', '0.000', '63.00']
['', '', '', '', '', '', '', '', '', '', '', '', '7.00', '10.0']
['580', 'SS130', 'PRB DARK SOY SAUCE', '', '', '500ML', '1', 'CTNS', '37.00', 'per', 'CTNS', '0.000', '37.00']
['', '', '17 OZ X', '24', '[F31] SUPERIOR', '', '32.95', 'CTNS', '', '', '', '0.000', '32.95']
['', '', '', '', '', '', '', '', '', '', '', '', '4.05', '10.9']
['590', 'PA170', '2 CHICKEN SHRIMP PASTE-L-', '', '', '', '1', 'CTNS', '58.00', 'per', 'CTNS', '0.000', '58.00']
['', '', '12 OZ X', '24', '', '', '52.00', 'CTNS', '', '', '', '0.000', '52.00']
['', '', '', '', '', '', '', '', '', '', '', '', '6.00', '10.3']
['', '', '', '', '', '', '', '', '', '', '', '', '4.20', '12.2']
['710', 'FD366', '', "YEO'S LYCHEE DRINK", '', '', '3', 'CTNS', '11.50', 'per', 'CTNS', '0.000', '34.50']
['', '', '', '', '', '', '', '', '', '', '', '', '12.50-', '0.0']
['690', 'FD356', '', "YEO'S SOYBEAN DR. ppbox", '', '', '2', 'CTNS', '0.00', 'per', 'CTNS', '0.000', '0.00']
['', '', '', '', '', '', '', '', '', '', '', '', '7.14', '14.9']
['660', 'FD357', '', "YEO'S CHRYSANTHEMUM pbox", '', '', '6', 'CTNS', '8.00', 'per', 'CTNS', '0.000', '48.00']
['', '', '', '', '', '', '', '', '', '', '', '', '6.25-', '0.0']
['650', 'FD354', '', "YEO'S ICE GREEN TEA pbox", '', '', '1', 'CTNS', '0.00', 'per', 'CTNS', '0.000', '0.00']
['', '', '', '', '', '', '', '', '', '', '', '', '8.75', '21.9']
['630', 'FD358', '', "YEO'S SUGAR CANE pbox", '', '', '5', 'CTNS', '8.00', 'per CTNS', '', '0.000', '40.00']
['Invoice', '#:', '769385', 'Invoice date:', '09/27/18', 'Customer: CH', 'CHINATOWN SUPERMARKET', '', 'Sales rep:', '15']
['655', 'FD354', '', "YEO'S ICE GREEN TEA pbox", '', '', '2', 'CTNS', '8.00', 'per', 'CTNS', '0.000', '16.00']
['', '', '', '250 ML/24 BOX pbox', '', '10+1', '6.25', 'CTNS', '', '', '', '0.000', '12.50']
['', '', '', '', '', '', '', '', '', '', '', '', '3.50', '21.9']
['660', 'FD357', '', "YEO'S CHRYSANTHEMUM pbox", '', '', '6', 'CTNS', '8.00', 'per', 'CTNS', '0.000', '48.00']
['', '', '', '250ML X', '24 PAPER BOX', '10+1', '6.81', 'CTNS', '', '', '', '0.000', '40.86']
['', '', '', '', '', '', '', '', '', '', '', '', '7.14', '14.9']
['670', 'FD359', '', "YEO'S LYCHEE DRINK pbox", '', '', '1', 'CTNS', '8.00', 'per', 'CTNS', '0.000', '8.00']
['', '', '', '250ML X', '24 PAPER BOX', '10+1', '6.25', 'CTNS', '', '', '', '0.000', '6.25']
['', '', '', '', '', '', '', '', '', '', '', '', '1.75', '21.9']
['690', 'FD356', '', "YEO'S SOYBEAN DR. ppbox", '', '', '2', 'CTNS', '0.00', 'per', 'CTNS', '0.000', '0.00']
['', '', '', '250 ML/24 PAPERBOX', '', '10+1', '6.25', 'CTNS', '', '', '', '0.000', '12.50']
['', '', '', '', '', '', '', '', '', '', '', '', '12.50-', '0.0']
['700', 'FD356', '', "YEO'S SOYBEAN DR. ppbox", '', '', '10', 'CTNS', '8.00', 'per', 'CTNS', '0.000', '80.00']
['', '', '', '250 ML/24 PAPERBOX', '', '10+1', '6.25', 'CTNS', '', '', '', '0.000', '62.50']
['', '', '', '', '', '', '', '', '', '', '', '', '17.50', '21.9']
['710', 'FD366', '', "YEO'S LYCHEE DRINK", '', '', '3', 'CTNS', '11.50', 'per', 'CTNS', '0.000', '34.50']
['', '', '', '300 ML X', '24 CANS', '10+1', '10.10', 'CTNS', '', '', '', '0.000', '30.30']
['', '', '', '', '', '', '', '', '', '', '', '', '4.20', '12.2']
['720', 'FD150', '', 'COCO RICO COCONUT SODA', '', '', '20', 'CTNS', '8.75', 'per', 'CTNS', '0.000', '175.00']
['', '', '', '12 OZ X', '24', '', '7.75', 'CTNS', '', '', '', '0.000', '155.00']
['', '', '', '', '', '', '', '', '', '', '', '', '20.00', '11.4']
['', '', '', '', '', '', '', '', '', '', '3.50', '23.3']
['760', 'UT818', 'PALLET', '', '', '2', 'CTNS', '7.50', 'per CTNS', '0.000', '15.00']
['', '', '', '', '', '', '', '', '', '', '5.00', '15.2']
['740', 'FD160B', 'MLS PEARL SOYBEAN DRINK', '', '', '2', 'CTNS', '16.50', 'per CTNS', '0.000', '33.00']
['Invoice', '#:', '769385', 'Invoice date:', '09/27/18', 'Customer: CH', 'CHINATOWN SUPERMARKET', '', 'Sales rep:', '15']
['740', 'FD160B', 'MLS PEARL SOYBEAN DRINK', '', '', '2', 'CTNS', '16.50', 'per CTNS', '0.000', '33.00']
['', '', '11 OZ X', '24', '*MUNG BEAN*', '14.00', 'CTNS', '', '', '0.000', '28.00']
['', '', '', '', '', '', '', '', '', '', '5.00', '15.2']
['750', 'FD160A', 'MLS PEARL SOYBEAN DRINK', '', '', '2', 'CTNS', '16.50', 'per CTNS', '0.000', '33.00']
['', '', '11 OZ X', '24', '*STRAWBERRY*', '14.00', 'CTNS', '', '', '0.000', '28.00']
['', '', '', '', '', '', '', '', '', '', '5.00', '15.2']
['760', 'UT818', 'PALLET', '', '', '2', 'CTNS', '7.50', 'per CTNS', '0.000', '15.00']
['', '', 'EACH', '', '', '5.75', 'CTNS', '', '', '0.000', '11.50']
['', '', '', '', '', '', '', '', '', '', '3.50', '23.3']
['', '', '', '', '', '', '', '', 'Invoice totals:', '', '3449.40']
['', '', '', '', '', '', '', '', '', '', '3031.44']
['', '', '', '', '', '', '', '', '', '', '417.96', '12.1']
['', '', '', '', '', '', '', '', '', '', '', '', '', '26.72', '27.8']
['80', 'COF104', 'G7 INST COFFE&SUGAR', '', '', '', '2IN1', '2', 'CTNS', '48.00', 'per', 'CTNS', '0.000', '96.00']
['', '', '', '', '', '', '', '', '', '', '', '', '3.50', '9.6']
['60', 'NO481B', 'VIFON phu gia MIEN MANG', '', '', '', '1', 'CTNS', '36.50', 'per', 'CTNS', '0.000', '36.50']
['', '', '', '', '', '', '', '', '', '', '', '', '3.50', '9.6']
['40', 'NO481', 'VIFON phu gia MIEN CUA/R', '', '', '', '1', 'CTNS', '36.50', 'per', 'CTNS', '0.000', '36.50']
['', '', '', '', '', '', '', '', '', '', '', '', '3.00', '8.6']
['24', 'CO153', 'TR BANH MEN', '4 MAU', '#682', '', '1', 'CTNS', '35.00', 'per', 'CTNS', '0.000', '35.00']
['', '', '', '', '', '', '', '', '', '', '', '', '36.50-', '0.0']
['22', 'PW104B', 'LAL POLOKU MUSHROOM', '', '', '', '1', 'CTNS', '0.00', 'per CTNS', '', '0.000', '0.00']
['Invoice', '#:', '769386', 'Invoice date:', '09/28/18', 'Customer: N035', 'NEW CHO LON', '', 'Sales rep:', '5']
['30', 'COF109', 'TRUNG NGUYEN COFFE', '', '', '*50PK', '5', 'CTNS', '47.00', 'per', 'CTNS', '0.000', '235.00']
['', '', '50 SACHS X', '10 EXPORT', '', '', '36.07', 'CTNS', '', '', '', '0.000', '180.35']
['', '', '', '', '', '', '', '', '', '', '', '', '54.65', '23.3']
['40', 'NO481', 'VIFON phu gia MIEN CUA/R', '', '', '', '1', 'CTNS', '36.50', 'per', 'CTNS', '0.000', '36.50']
['', '', '60 G/12 BG/6', '', '[J24]', '', '33.00', 'CTNS', '', '', '', '0.000', '33.00']
['', '', '', '', '', '', '', '', '', '', '', '', '3.50', '9.6']
['50', 'NO481A', 'VIFON phu gia MIEN GA/Y', '', '', '', '1', 'CTNS', '36.50', 'per', 'CTNS', '0.000', '36.50']
['', '', '60 G/12 BG/6', '', '[J24]', '', '33.00', 'CTNS', '', '', '', '0.000', '33.00']
['', '', '', '', '', '', '', '', '', '', '', '', '3.50', '9.6']
['60', 'NO481B', 'VIFON phu gia MIEN MANG', '', '', '', '1', 'CTNS', '36.50', 'per', 'CTNS', '0.000', '36.50']
['', '', '60 G/12 BG/', '6', 'GIO HEO', '', '33.00', 'CTNS', '', '', '', '0.000', '33.00']
['', '', '', '', '', '', '', '', '', '', '', '', '3.50', '9.6']
['70', 'NO457', 'VIFON BUN RIEU CUA', '', '', '*bag*', '2', 'BLD', '46.00', 'per', 'BLD', '0.000', '92.00']
['', '', '2.1z X', '(3 X', '30)', '', '[J20]', '42.00', 'BLD', '', '', '', '0.000', '84.00']
['', '', '', '', '', '', '', '', '', '', '', '', '', '8.00', '8.7']
['80', 'COF104', 'G7 INST COFFE&SUGAR', '', '', '', '2IN1', '2', 'CTNS', '48.00', 'per', 'CTNS', '0.000', '96.00']
['', '', '16G X', '15 SACH X', '', '24BX', '10+3', '34.64', 'CTNS', '', '', '', '0.000', '69.28']
['', '', '', '', '', '', '', '', '', '', '', '', '', '26.72', '27.8']
['90', 'HM151', 'CALIFORNIA.CHICKEN SAUSAG', '', '', '', '', '5', 'CTNS', '132.00', 'per', 'CTNS', '0.000', '660.00']
['', '', '16 OZ X', '24 BAGS', '', '', '', '120.00', 'CTNS', '', '', '', '0.000', '600.00']
['', '', '', '', '', '', '', '', '', '', '', '', '', '60.00', '9.1']
['', '', '', '', '', '', '', '', '', '', '', '7.50', '11.9']
['200', 'NO238', 'OH RICEY HU TIEU', '', '24 BAG', '2', 'BDL', '31.50', 'per', 'BDL', '0.000', '63.00']
['', '', '', '', '', '', '', '', '', '', '', '38.00', '100.0']
['180', 'CR100C', 'SA GIANG POTATO CHIPS', '', '', '1', 'CTNS', '38.00', 'per', 'CTNS', '0.000', '38.00']
['', '', '', '', '', '', '', '', '', '', '', '4.50', '9.4']
['150', 'NO240A', 'HAO HAO ONION SATE', '', '*BAG*', '2', 'BDL', '24.00', 'per', 'BDL', '0.000', '48.00']
['', '', '', '', '', '', '', '', '', '', '', '6.50', '10.5']
['130', 'NO243', 'ACECOOK MI LAU THAI TOMYU', '', '', '2', 'BDL', '31.00', 'per', 'BDL', '0.000', '62.00']
['', '', '', '', '', '', '', '', '', '', '', '8.60', '35.8']
['110', 'BR103', 'LAL VEGETABLE BROTH', '', '', '1', 'CTNS', '24.00', 'per CTNS', '', '0.000', '24.00']
['Invoice', '#:', '769386', 'Invoice date:', '09/28/18', 'Customer: N035', 'NEW CHO LON', '', 'Sales rep:', '5']
['140', 'NO240D', 'HAO HAO MI CHAY', '', '*BAG*', '2', 'BDL', '24.00', 'per', 'BDL', '0.000', '48.00']
['', '', '30 BAGS X', '3 BOX', '', '21.75', 'BDL', '', '', '', '0.000', '43.50']
['', '', '', '', '', '', '', '', '', '', '', '4.50', '9.4']
['150', 'NO240A', 'HAO HAO ONION SATE', '', '*BAG*', '2', 'BDL', '24.00', 'per', 'BDL', '0.000', '48.00']
['', '', '30 BAG X', '3 BOX', '[J31]', '21.75', 'BDL', '', '', '', '0.000', '43.50']
['', '', '', '', '', '', '', '', '', '', '', '4.50', '9.4']
['170', 'NO240F', 'HAO HAO ONION SATE', '', '*CUP*', '2', 'BLD', '18.50', 'per', 'BLD', '0.000', '37.00']
['', '', '2.3 OZ X', '12 CUP X', '3 BOX', '16.50', 'BLD', '', '', '', '0.000', '33.00']
['', '', '', '', '', '', '', '', '', '', '', '4.00', '10.8']
['180', 'CR100C', 'SA GIANG POTATO CHIPS', '', '', '1', 'CTNS', '38.00', 'per', 'CTNS', '0.000', '38.00']
['', '', '200 GR X', '55 BX KHOAI TAY', '', '0.00', 'CTNS', '', '', '', '0.000', '0.00']
['', '', '', '', '', '', '', '', '', '', '', '38.00', '100.0']
['190', 'CR100D', 'SA GIANG PHONG KHOAI LAN', '', '', '1', 'CTNS', '38.00', 'per', 'CTNS', '0.000', '38.00']
['', '', '200 GR X', '55 SWEET POTATO', '', '0.00', 'CTNS', '', '', '', '0.000', '0.00']
['', '', '', '', '', '', '', '', '', '', '', '38.00', '100.0']
['200', 'NO238', 'OH RICEY HU TIEU', '', '24 BAG', '2', 'BDL', '31.50', 'per', 'BDL', '0.000', '63.00']
['', '', '24 BAGS X', '', '3 BOX NAM VANG', '27.75', 'BDL', '', '', '', '0.000', '55.50']
['', '', '', '', '', '', '', '', '', '', '', '7.50', '11.9']
['210', 'FL100', 'WEL PAC POTATO STARCH', '', '', '1', 'CTNS', '63.00', 'per', 'CTNS', '0.000', '63.00']
['', '', '12 OZ. X', '', '40 BAG', '56.80', 'CTNS', '', '', '', '0.000', '56.80']
['', '', '', '', '', '', '', '', '', '', '', '6.20', '9.8']
['', '', '', '', '', '', '', '', '', '', '', '3.00', '9.1']
['230', 'NO252', '', 'KUNG FU SHRIMP NOODLE', '', '', '1', 'BUND', '33.00', 'per BUND', '0.000', '33.00']
['Invoice', '#:', '769386', 'Invoice date:', '09/28/18', 'Customer: N035', 'NEW CHO LON', '', 'Sales rep:', '5']
['', '', '', '', '', '', '', '', '', '', '', '18.00', '9.4']
['230', 'NO252', '', 'KUNG FU SHRIMP NOODLE', '', '', '1', 'BUND', '33.00', 'per BUND', '0.000', '33.00']
['', '', '', '3 OZ X 30 BAGS X', '', '3 BOX', '30.00', 'BUND', '', '', '0.000', '30.00']
['', '', '', '', '', '', '', '', '', '', '', '3.00', '9.1']
['240', 'UT818', '', 'PALLET', '', '', '1', 'CTNS', '7.00', 'per CTNS', '0.000', '7.00']
['', '', '', 'EACH', '', '', '5.75', 'CTNS', '', '', '0.000', '5.75']
['', '', '', '', '', '', '', '', '', '', '', '1.25', '17.9']
['', '', '', '', '', '', '', '', '', 'Invoice totals:', '', '3468.30']
['', '', '', '', '', '', '', '', '', '', '', '2956.26']
['', '', '', '', '', '', '', '', '', '', '', '512.04', '14.8']
['', '', '', '', '', '', '', '', '', '', '', '', '', '6.00', '9.1']
['100', 'FR352', 'BMK PORK MEAT BALL', '', '', '', '', '1', 'CTNS', '66.00', 'per', 'CTNS', '0.000', '66.00']
['', '', '', '', '', '', '', '', '', '', '', '', '', '23.84', '9.3']
['80', 'FR168A', '', 'SAIGON WONTON h.k.style', '', '', '', '2', 'CTNS', '128.00', 'per', 'CTNS', '0.000', '256.00']
['', '', '', '', '', '', '', '', '', '', '', '', '', '121.60', '35.8']
['60', 'FR126A', 'OF YELLOW EEL STEAK', '', '', '', '', '2', 'CTNS', '170.00', 'per', 'CTNS', '0.000', '340.00']
['', '', '', '', '', '', '', '', '', '', '', '', '', '7.50', '11.1']
['40', 'KT103', '', 'KIM THAP BANH BOT LOC', '', '', '', '50', 'BAGS', '1.35', 'per', 'BAGS', '0.000', '67.50']
['', '', '', '', '', '', '', '', '', '', '', '', '', '5.00', '9.1']
['20', 'FR376A', '', 'SO.CAL. FRESH EGG NOODLE', '', '', '', '1', 'CTNS', '55.00', 'per CTNS', '', '0.000', '55.00']
['Invoice', '#:', '769387', 'Invoice date:', '09/28/18', 'Customer: N035', 'NEW CHO LON', '', 'Sales rep:', '5']
['50', 'FR127A', 'FR. FROG LEGS', '', '2/4', '', '(5LB)', '2', 'CTNS', '150.00', 'per', 'CTNS', '0.000', '300.00']
['', '', '5 LBS X', '6 BAGS (DUI ECH)', '', '', '', '121.50', 'CTNS', '', '', '', '0.000', '243.00']
['', '', '', '', '', '', '', '', '', '', '', '', '', '57.00', '19.0']
['60', 'FR126A', 'OF YELLOW EEL STEAK', '', '', '', '', '2', 'CTNS', '170.00', 'per', 'CTNS', '0.000', '340.00']
['', '', '14 OZ/30 BG', '', '', '*LUON KHUC*', '', '109.20', 'CTNS', '', '', '', '0.000', '218.40']
['', '', '', '', '', '', '', '', '', '', '', '', '', '121.60', '35.8']
['70', 'FR168', '', 'SAIGON EGGROLLS SHRIMP &', '', '', '', '2', 'CTNS', '225.00', 'per', 'CTNS', '0.000', '450.00']
['', '', '56z(50ct) X', '', '12', '*S50* PORK', '', '190.00', 'CTNS', '', '', '', '0.000', '380.00']
['', '', '', '', '', '', '', '', '', '', '', '', '', '70.00', '15.6']
['80', 'FR168A', '', 'SAIGON WONTON h.k.style', '', '', '', '2', 'CTNS', '128.00', 'per', 'CTNS', '0.000', '256.00']
['', '', '11z', '(24pc) X', '24', '', '*W24*', '116.08', 'CTNS', '', '', '', '0.000', '232.16']
['', '', '', '', '', '', '', '', '', '', '', '', '', '23.84', '9.3']
['90', 'FR100A', '', 'LAF CRAB MIX cua dong xay', '', '', '', '1', 'CTNS', '48.00', 'per', 'CTNS', '0.000', '48.00']
['', '', '12 OZ X', '', '20 BOX LA FARM', '', '', '32.25', 'CTNS', '', '', '', '0.000', '32.25']
['', '', '', '', '', '', '', '', '', '', '', '', '', '15.75', '32.8']
['100', 'FR352', 'BMK PORK MEAT BALL', '', '', '', '', '1', 'CTNS', '66.00', 'per', 'CTNS', '0.000', '66.00']
['', '', '11 OZ X', '', '20 BAG', '', '', '60.00', 'CTNS', '', '', '', '0.000', '60.00']
['', '', '', '', '', '', '', '', '', '', '', '', '', '6.00', '9.1']
['110', 'DV227A', 'AFC FRESH FU PUI', '', '', '*L*', '', '3', 'CTNS', '123.00', 'per', 'CTNS', '0.000', '369.00']
['', '', '16 OZ X', '', '20 BAGS', '', '', '110.00', 'CTNS', '', '', '', '0.000', '330.00']
['', '', '', '', '', '', '', '', '', '', '', '', '', '39.00', '10.6']
['', '', '', '', '', '', '', '', '', '', '', '', '', '', '', '39.00', '31.7']
['220', 'FR179', '', 'OF CA HE GIA VI', '', '', '', '2 PC', '1', 'CTNS', '', '123.00', 'per', 'CTNS', '0.000', '123.00']
['', '', '', '', '', '', '', '', '', '', '', '', '', '', '', '40.00', '9.2']
['200', 'FR501', '', '', 'SALTED GORAMI FISH kho ca', '', '', '', '2', 'CTNS', '', '218.00', 'per', 'CTNS', '0.000', '436.00']
['', '', '', '', '', '', '', '', '', '', '', '', '', '', '', '75.00', '15.0']
['180', 'FR296', '', '', 'HUONG DUYEN CHA CHIEN', '', '', '', '5', 'CTNS', '', '100.00', 'per', 'CTNS', '0.000', '500.00']
['', '', '', '', '', '', '', '', '', '', '', '', '', '', '', '33.96', '30.6']
['130', 'FR710B', '', 'FR. COOK UNPEEL CORN', '', '', '', '3 PC', '3', 'CTNS', '', '37.00', 'per CTNS', '', '0.000', '111.00']
['Invoice', '#:', '769387', 'Invoice date:', '', '', '09/28/18', '', 'Customer: N035', '', 'NEW CHO LON', '', '', '', 'Sales rep:', '5']
['', '', '', '', '', '', '', '', '', '', '', '', '', '', '', '75.00', '15.0']
['190', 'FR443', '', 'LONG PHUNG CHA CHIEN', '', '', '', '', '7', 'CTNS', '', '125.00', 'per', 'CTNS', '0.000', '875.00']
['', '', '', '16 OZ X', '', '30 BAGS', '', '', '103.50', 'CTNS', '', '', '', '', '0.000', '724.50']
['', '', '', '', '', '', '', '', '', '', '', '', '', '', '', '150.50', '17.2']
['200', 'FR501', '', '', 'SALTED GORAMI FISH kho ca', '', '', '', '2', 'CTNS', '', '218.00', 'per', 'CTNS', '0.000', '436.00']
['', '', '', '10 OZ X', '', '', '40 BAG sac XXL', '2P', '198.00', 'CTNS', '', '', '', '', '0.000', '396.00']
['', '', '', '', '', '', '', '', '', '', '', '', '', '', '', '40.00', '9.2']
['210', 'FR178', '', 'OF CA HE', '', '', '250/300g', '', '1', 'CTNS', '', '80.85', 'per', 'CTNS', '0.000', '80.85']
['', '', '', '33 LBS', '', 'RIVBARB', '', '$2.45/LB', '55.77', 'CTNS', '', '', '', '', '0.000', '55.77']
['', '', '', '', '', '', '', '', '', '', '', '', '', '', '', '25.08', '31.0']
['220', 'FR179', '', 'OF CA HE GIA VI', '', '', '', '2 PC', '1', 'CTNS', '', '123.00', 'per', 'CTNS', '0.000', '123.00']
['', '', '', '10oz x', '', '60 MARINATE R-BARB', '', '', '84.00', 'CTNS', '', '', '', '', '0.000', '84.00']
['', '', '', '', '', '', '', '', '', '', '', '', '', '', '', '39.00', '31.7']
['230', 'UT818', '', 'PALLET', '', '', '', '', '1', 'CTNS', '', '7.00', 'per', 'CTNS', '0.000', '7.00']
['', '', '', 'EACH', '', '', '', '', '5.75', 'CTNS', '', '', '', '', '0.000', '5.75']
['', '', '', '', '', '', '', '', '', '', '', '', '', '', '', '1.25', '17.9']
['', '', '', '', '', '', '', '', '', '', '', '', '', 'Invoice', 'totals:', '5141.85']
['', '', '', '', '', '', '', '', '', '', '', '', '', '', '', '4290.17']
['', '', '', '', '', '', '', '', '', '', '', '', '', '', '', '851.68', '16.6']
['', '', '', '', '', '', '', '', '', '', '', '', '', '', '', '9.65', '10.7']
['120', 'BR115C', '', '', 'NEW CHOICE CHICKEN BROTH', '', '', '', '5', 'CTNS', '', '18.00', 'per', 'CTNS', '0.000', '90.00']
['', '', '', '', '', '', '', '', '', '', '', '', '', '', '', '1.75', '8.8']
['100', 'CO113', '', 'BIN BIN RICE CRACKER', '', '', '', '', '1', 'CTNS', '', '20.00', 'per', 'CTNS', '0.000', '20.00']
['', '', '', '', '', '', '', '', '', '', '', '', '', '', '', '5.00', '11.9']
['70', 'PA161', '', '', 'MAESRI PANANG CURRY PASTE', '', '', '', '1', 'CTNS', '', '42.00', 'per', 'CTNS', '0.000', '42.00']
['', '', '', '', '', '', '', '', '', '', '', '', '', '', '', '4.62', '19.3']
['40', 'DD147E', '', 'VT BOT BANH QUAY', '', '', '', '', '1', 'CTNS', '', '24.00', 'per', 'CTNS', '0.000', '24.00']
['', '', '', '', '', '', '', '', '', '', '', '', '', '', '', '52.30', '32.7']
['20', 'DD152', '', '', 'VT BOT BANH BAO dumling', '', '', '', '10', 'CTNS', '', '16.00', 'per CTNS', '', '0.000', '160.00']
['Invoice', '#:', '769388', 'Invoice date:', '', '', '09/28/18', '', 'Customer: L017', '', 'LITTLE SAIGON ORNTL SMKT', '', '', '', 'Sales rep:', '5']
['60', 'CO254', '', 'GARDEN COCONUT WAFER', '', '', '', '', '1', 'CTNS', '', '26.50', 'per', 'CTNS', '0.000', '26.50']
['', '', '', '7 OZ X', '', '24 BAGS', '', '[G34b]', '24.00', 'CTNS', '', '', '', '', '0.000', '24.00']
['', '', '', '', '', '', '', '', '', '', '', '', '', '', '', '2.50', '9.4']
['70', 'PA161', '', '', 'MAESRI PANANG CURRY PASTE', '', '', '', '1', 'CTNS', '', '42.00', 'per', 'CTNS', '0.000', '42.00']
['', '', '', '4 OZ X', '', '48 CAN', 'PINK', '[H4]', '37.00', 'CTNS', '', '', '', '', '0.000', '37.00']
['', '', '', '', '', '', '', '', '', '', '', '', '', '', '', '5.00', '11.9']
['90', 'SW107', '', '', 'CRISPY SEAWEED KIMCHI', '', '', '', '1', 'CTNS', '', '54.00', 'per', 'CTNS', '0.000', '54.00']
['', '', '', '6 X', '8 X', '24 G', '', '', '45.00', 'CTNS', '', '', '', '', '0.000', '45.00']
['', '', '', '', '', '', '', '', '', '', '', '', '', '', '', '9.00', '16.7']
['100', 'CO113', '', 'BIN BIN RICE CRACKER', '', '', '', '', '1', 'CTNS', '', '20.00', 'per', 'CTNS', '0.000', '20.00']
['', '', '', '3.73 OZ X', '', '', '30 BAGS', '[I50]', '18.25', 'CTNS', '', '', '', '', '0.000', '18.25']
['', '', '', '', '', '', '', '', '', '', '', '', '', '', '', '1.75', '8.8']
['110', 'BR115', '', '', 'NEW CHOICE CHICKEN BROTH', '', '', '', '10', 'CTNS', '', '5.80', 'per', 'CTNS', '0.000', '58.00']
['', '', '', '14 OZ X', '', '', '12 CAN soup ga', '', '5.20', 'CTNS', '', '', '', '', '0.000', '52.00']
['', '', '', '', '', '', '', '', '', '', '', '', '', '', '', '6.00', '10.3']
['120', 'BR115C', '', '', 'NEW CHOICE CHICKEN BROTH', '', '', '', '5', 'CTNS', '', '18.00', 'per', 'CTNS', '0.000', '90.00']
['', '', '', '42 OZ X', '', '12 CAN', '', '', '16.07', 'CTNS', '', '', '', '', '0.000', '80.35']
['', '', '', '', '', '', '', '', '', '', '', '', '', '', '', '9.65', '10.7']
['130', 'FD353', '', "YEO'S ICE GREEN TEA", '', '', '', '/ CAN', '2', 'CTNS', '', '11.50', 'per', 'CTNS', '0.000', '23.00']
['', '', '', '300 ML X', '', '24 CAN', '', '10+1', '9.18', 'CTNS', '', '', '', '', '0.000', '18.36']
['', '', '', '', '', '', '', '', '', '', '', '', '', '', '', '4.64', '20.2']
['', '', '', '', '', '', '', '', '', '', '', '', '', '', '', '3.00', '9.1']
['240', 'NO253', '', '', 'KUNG FU CHICKEN NOODLE', '', '', '', '1', 'BUND', '', '33.00', 'per', 'BUND', '0.000', '33.00']
['', '', '', '', '', '', '', '', '', '', '', '', '', '', '', '4.50', '9.4']
['210', 'NO240A', '', 'HAO HAO ONION SATE', '', '', '', '*BAG*', '2', 'BDL', '', '24.00', 'per', 'BDL', '0.000', '48.00']
['', '', '', '', '', '', '', '', '', '', '', '', '', '', '', '12.00', '16.7']
['190', 'CR122', '', 'DONG P. BANH DA ME', '', '', '', '', '2', 'CTNS', '', '36.00', 'per', 'CTNS', '0.000', '72.00']
['', '', '', '', '', '', '', '', '', '', '', '', '', '', '', '9.16-', '0.0']
['170', 'FD350', '', '', "YEO'S SOYBEAN DRINK cans", '', '', '', '1', 'CTNS', '', '0.00', 'per', 'CTNS', '0.000', '0.00']
['', '', '', '', '', '', '', '', '', '', '', '', '', '', '', '2.80', '12.2']
['150', 'FD369', '', '', "YEO'S WHITE GOURD DR can", '', '', '', '2', 'CTNS', '', '11.50', 'per CTNS', '', '0.000', '23.00']
['Invoice', '#:', '769388', 'Invoice date:', '', '', '09/28/18', '', 'Customer: L017', '', 'LITTLE SAIGON ORNTL SMKT', '', '', '', 'Sales rep:', '5']
['180', 'PW506', '', 'GC CA PHE SUA DA', '', '', '', '**', '1', 'CTNS', '', '47.00', 'per', 'CTNS', '0.000', '47.00']
['', '', '', '10 OZ X', '', '24 BOX', '', '', '42.00', 'CTNS', '', '', '', '', '0.000', '42.00']
['', '', '', '', '', '', '', '', '', '', '', '', '', '', '', '5.00', '10.6']
['190', 'CR122', '', 'DONG P. BANH DA ME', '', '', '', '', '2', 'CTNS', '', '36.00', 'per', 'CTNS', '0.000', '72.00']
['', '', '', '7 OZ/10 BAGS SESAME', '', '', '', '[H9b]', '30.00', 'CTNS', '', '', '', '', '0.000', '60.00']
['', '', '', '', '', '', '', '', '', '', '', '', '', '', '', '12.00', '16.7']
['200', 'NO240', '', 'HAO HAO MI TOM CHUA', '', '', '', '*BAG*', '5', 'BDL', '', '24.00', 'per', 'BDL', '0.000', '120.00']
['', '', '', '30 BAG X', '', '3 BOX', '', '[J32]', '21.75', 'BDL', '', '', '', '', '0.000', '108.75']
['', '', '', '', '', '', '', '', '', '', '', '', '', '', '', '11.25', '9.4']
['210', 'NO240A', '', 'HAO HAO ONION SATE', '', '', '', '*BAG*', '2', 'BDL', '', '24.00', 'per', 'BDL', '0.000', '48.00']
['', '', '', '30 BAG X', '', '3 BOX', '', '[J31]', '21.75', 'BDL', '', '', '', '', '0.000', '43.50']
['', '', '', '', '', '', '', '', '', '', '', '', '', '', '', '4.50', '9.4']
['220', 'NO470A', '', 'VIFON CHAO GA', '', '', '*BOWL*', '', '3', 'CTNS', '', '42.00', 'per', 'CTNS', '0.000', '126.00']
['', '', '', '36 BOWL', '', '*chao ga*', '', '[J25]', '38.00', 'CTNS', '', '', '', '', '0.000', '114.00']
['', '', '', '', '', '', '', '', '', '', '', '', '', '', '', '12.00', '9.5']
['240', 'NO253', '', '', 'KUNG FU CHICKEN NOODLE', '', '', '', '1', 'BUND', '', '33.00', 'per', 'BUND', '0.000', '33.00']
['', '', '', '3 OZ X', '', '30 BAGS X', '', '3 BOX', '30.00', 'BUND', '', '', '', '', '0.000', '30.00']
['', '', '', '', '', '', '', '', '', '', '', '', '', '', '', '3.00', '9.1']
['250', 'NO250', '', 'KUNG FU ONION NOODLE', '', '', '', '', '2', 'BUND', '', '33.00', 'per', 'BUND', '0.000', '66.00']
['', '', '', '3 OZ X', '', '30 BAGS X', '', '3 BOX', '28.50', 'BUND', '', '', '', '', '0.000', '57.00']
['', '', '', '', '', '', '', '', '', '', '', '', '', '', '', '9.00', '13.6']
['', '', '', '', '', '', '', '', '', '', '', '', '5.00', '11.9']
['390', 'PA160', 'MAESRI RED CURRY PASTE', '', '', '', '1', 'CTNS', '42.00', 'per', 'CTNS', '0.000', '42.00']
['', '', '', '', '', '', '', '', '', '', '', '', '6.90', '9.4']
['370', 'PM111', 'SUNNY MAID PORK FU', '', '', '*S*', '1', 'CTNS', '73.50', 'per', 'CTNS', '0.000', '73.50']
['', '', '', '', '', '', '', '', '', '', '', '', '50.04', '40.0']
['310', 'PE111', 'NP WHITE PEPPER WHOLE', '', '', '', '1', 'CTNS', '125.00', 'per', 'CTNS', '0.000', '125.00']
['', '', '', '', '', '', '', '', '', '', '', '', '3.75', '11.9']
['290', 'NO239A', 'OH RICEY PHO GA', '', '24 BAGS', '', '1', 'BDL', '31.50', 'per', 'BDL', '0.000', '31.50']
['', '', '', '', '', '', '', '', '', '', '', '', '5.00', '9.4']
['270', 'NO451', 'VIFON PHO GA', '', '', '*bag*', '2', 'BDL', '26.50', 'per BDL', '', '0.000', '53.00']
['Invoice', '#:', '769388', 'Invoice date:', '09/28/18', 'Customer: L017', 'LITTLE SAIGON ORNTL SMKT', 'Sales rep:', '5']
['300', 'NO239', 'OH RICEY PHO BO', '', '24 BAGS', '', '1', 'BDL', '31.50', 'per', 'BDL', '0.000', '31.50']
['', '', '70 gr/24 BAG X', '', '3 BOX', '', '27.75', 'BDL', '', '', '', '0.000', '27.75']
['', '', '', '', '', '', '', '', '', '', '', '', '3.75', '11.9']
['310', 'PE111', 'NP WHITE PEPPER WHOLE', '', '', '', '1', 'CTNS', '125.00', 'per', 'CTNS', '0.000', '125.00']
['', '', '7 OZ X', '24 JARS', '', '', '74.96', 'CTNS', '', '', '', '0.000', '74.96']
['', '', '', '', '', '', '', '', '', '', '', '', '50.04', '40.0']
['360', 'PM110', 'SUNNY MAID PORK SUNG', '', '', '*S*', '1', 'CTNS', '73.50', 'per', 'CTNS', '0.000', '73.50']
['', '', '4 OZ X', '24 BOX', '', '(RED)', '66.60', 'CTNS', '', '', '', '0.000', '66.60']
['', '', '', '', '', '', '', '', '', '', '', '', '6.90', '9.4']
['370', 'PM111', 'SUNNY MAID PORK FU', '', '', '*S*', '1', 'CTNS', '73.50', 'per', 'CTNS', '0.000', '73.50']
['', '', '4 OZ X', '24 BOX', '', '(BLUE)', '66.60', 'CTNS', '', '', '', '0.000', '66.60']
['', '', '', '', '', '', '', '', '', '', '', '', '6.90', '9.4']
['380', 'HM121', 'BRETEL BUTTER', '', '05-15-2019', '', '1', 'CTN', '125.00', 'per', 'CTN', '0.000', '125.00']
['', '', '8.8 OZ X', '24 CANS', '', '', '110.00', 'CTN', '', '', '', '0.000', '110.00']
['', '', '', '', '', '', '', '', '', '', '', '', '15.00', '12.0']
['390', 'PA160', 'MAESRI RED CURRY PASTE', '', '', '', '1', 'CTNS', '42.00', 'per', 'CTNS', '0.000', '42.00']
['', '', '4 OZ. X', '48 CANS', '', '', '37.00', 'CTNS', '', '', '', '0.000', '37.00']
['', '', '', '', '', '', '', '', '', '', '', '', '5.00', '11.9']
['400', 'KS225', 'SK NGU VI HUONG', '', '4 OZ', '', '1', 'CTNS', '34.00', 'per', 'CTNS', '0.000', '34.00']
['', '', '4 OZ X', '12 BT', '', '', '30.75', 'CTNS', '', '', '', '0.000', '30.75']
['', '', '', '', '', '', '', '', '', '', '', '', '3.25', '9.6']
['', '', '', '', '', '', '', '', '', '', '', '11.00', '26.8']
['470', 'FR340', 'TYJ PASTRY WRAPPER', '', '5"', '1', 'CTNS', '41.00', 'per', 'CTNS', '0.000', '41.00']
['', '', '', '', '', '', '', '', '', '', '', '42.50', '34.7']
['450', 'FR100', 'FR. AROY-D COCONUT DRINK', '', '', '5', 'CTNS', '24.50', 'per', 'CTNS', '0.000', '122.50']
['', '', '', '', '', '', '', '', '', '', '', '23.50', '35.1']
['430', 'FR008', 'FR. STEWING CHICKEN', '', '', '2', 'LBS', '33.50', 'per', 'LBS', '0.000', '67.00']
['', '', '', '', '', '', '', '', '', '', '', '4.50', '9.7']
['411', 'TA123B', 'BOLLE TRI-MIX COCO', '', '*S*', '1', 'CTNS', '46.50', 'per CTNS', '', '0.000', '46.50']
['Invoice', '#:', '769388', 'Invoice date:', '09/28/18', 'Customer: L017', 'LITTLE SAIGON ORNTL SMKT', 'Sales rep:', '5']
['', '', '', '', '', '', '', '', '', '', '', '23.50', '35.1']
['440', 'FR400', 'FR. QUAIL-JUMBO', '', '6PK', '5', 'CTNS', '43.00', 'per', 'CTNS', '0.000', '215.00']
['', '', '6 PK X', '6 TRAY', '#603', '37.80', 'CTNS', '', '', '', '0.000', '189.00']
['', '', '', '', '', '', '', '', '', '', '', '26.00', '12.1']
['450', 'FR100', 'FR. AROY-D COCONUT DRINK', '', '', '5', 'CTNS', '24.50', 'per', 'CTNS', '0.000', '122.50']
['', '', '10.5OZ X', '24TN', '10+2', '16.00', 'CTNS', '', '', '', '0.000', '80.00']
['', '', '', '', '', '', '', '', '', '', '', '42.50', '34.7']
['460', 'FR100', 'FR. AROY-D COCONUT DRINK', '', '', '1', 'CTNS', '0.00', 'per', 'CTNS', '0.000', '0.00']
['', '', '10.5OZ X', '24TN', '10+2', '16.00', 'CTNS', '', '', '', '0.000', '16.00']
['', '', '', '', '', '', '', '', '', '', '', '16.00-', '0.0']
['470', 'FR340', 'TYJ PASTRY WRAPPER', '', '5"', '1', 'CTNS', '41.00', 'per', 'CTNS', '0.000', '41.00']
['', '', '8 OZ X', '40', '(50 pc) orange', '30.00', 'CTNS', '', '', '', '0.000', '30.00']
['', '', '', '', '', '', '', '', '', '', '', '11.00', '26.8']
['480', 'UT818', 'PALLET', '', '', '1', 'CTNS', '7.00', 'per', 'CTNS', '0.000', '7.00']
['', '', 'EACH', '', '', '5.75', 'CTNS', '', '', '', '0.000', '5.75']
['', '', '', '', '', '', '', '', '', '', '', '1.25', '17.9']
['', '', '', '', '', '', '', '', '', 'Invoice', 'totals:', '2585.50']
['', '', '', '', '', '', '', '', '', '', '', '2149.99']
['', '', '', '', '', '', '', '', '', '', '', '435.51', '16.8']
['', '', '', '', '', '', '', '', '', '', '', '', '11.25', '9.4']
['100', 'NO240C', 'HAO HAO ONION SHRIMP mi', '', '', '', '5', 'BDL', '24.00', 'per', 'BDL', '0.000', '120.00']
['', '', '', '', '', '', '', '', '', '', '', '', '20.40', '10.0']
['80', 'BR120', 'QUOC VIET PHO BO', '', '*S*', '', '2', 'CTNS', '102.00', 'per', 'CTNS', '0.000', '204.00']
['', '', '', '', '', '', '', '', '', '', '', '', '10.00', '12.9']
['60', 'NO322', 'UDON MUSHROOM FLAVOR', '', '', '', '5', 'CTNS', '15.50', 'per', 'CTNS', '0.000', '77.50']
['', '', '', '', '', '', '', '', '', '', '', '', '20.00', '12.9']
['40', 'NO324', 'UDON SHRIMP FLAVOR', '', '', '', '10', 'CTNS', '15.50', 'per', 'CTNS', '0.000', '155.00']
['', '', '', '', '', '', '', '', '', '', '', '', '6.00', '12.9']
['20', 'NO323', 'UDON ORIENTAL FLAVOR', '', '', '', '3', 'CTNS', '15.50', 'per CTNS', '', '0.000', '46.50']
['Invoice', '#:', '769389', 'Invoice date:', '09/28/18', 'Customer: U010', 'UNITED NOODLE WHOLESALE', 'Sales rep:', '5']
['50', 'NO325', 'UDON SPICY FLAVOR', '', '', '', '5', 'CTNS', '15.50', 'per', 'CTNS', '0.000', '77.50']
['', '', '7.25 OZ X', '', '30 BAG', 'CHIKARA', '13.50', 'CTNS', '', '', '', '0.000', '67.50']
['', '', '', '', '', '', '', '', '', '', '', '', '10.00', '12.9']
['60', 'NO322', 'UDON MUSHROOM FLAVOR', '', '', '', '5', 'CTNS', '15.50', 'per', 'CTNS', '0.000', '77.50']
['', '', '7.25 OZ X', '', '30 BAGS CHIKARA', '', '13.50', 'CTNS', '', '', '', '0.000', '67.50']
['', '', '', '', '', '', '', '', '', '', '', '', '10.00', '12.9']
['70', 'FJ108', "FUN CLUB SQUE'EASY", '', '', '*mix*', '7', 'CTNS', '23.00', 'per', 'CTNS', '0.000', '161.00']
['', '', '43 OZ', '/6 JAR FRUITY SNACK', '', '', '20.40', 'CTNS', '', '', '', '0.000', '142.80']
['', '', '', '', '', '', '', '', '', '', '', '', '18.20', '11.3']
['80', 'BR120', 'QUOC VIET PHO BO', '', '*S*', '', '2', 'CTNS', '102.00', 'per', 'CTNS', '0.000', '204.00']
['', '', '10 OZ X', '24 JARS', '', '#03', '91.80', 'CTNS', '', '', '', '0.000', '183.60']
['', '', '', '', '', '', '', '', '', '', '', '', '20.40', '10.0']
['90', 'NO240A', 'HAO HAO ONION SATE', '', '', '*BAG*', '5', 'BDL', '24.00', 'per', 'BDL', '0.000', '120.00']
['', '', '30 BAG X', '3 BOX', '', '[J31]', '21.75', 'BDL', '', '', '', '0.000', '108.75']
['', '', '', '', '', '', '', '', '', '', '', '', '11.25', '9.4']
['100', 'NO240C', 'HAO HAO ONION SHRIMP mi', '', '', '', '5', 'BDL', '24.00', 'per', 'BDL', '0.000', '120.00']
['', '', '30 BAGS X', '', '3 BOX xao kho', '', '21.75', 'BDL', '', '', '', '0.000', '108.75']
['', '', '', '', '', '', '', '', '', '', '', '', '11.25', '9.4']
['110', 'NO240D', 'HAO HAO MI CHAY', '', '*BAG*', '', '5', 'BDL', '24.00', 'per', 'BDL', '0.000', '120.00']
['', '', '30 BAGS X', '', '3 BOX', '', '21.75', 'BDL', '', '', '', '0.000', '108.75']
['', '', '', '', '', '', '', '', '', '', '', '', '11.25', '9.4']
['', '', '', '', '', '', '', '', '', '', '1.25', '17.9']
['170', 'UT818', 'PALLET', '', '', '1', 'CTNS', '7.00', 'per CTNS', '0.000', '7.00']
['', '', '', '', '', '', '', '', '', '', '35.00', '19.2']
['150', 'CW120', 'SHAO HSING COOKING WINE', '', '', '14', 'CTNS', '13.00', 'per CTNS', '0.000', '182.00']
['', '', '', '', '', '', '', '', '', '', '3.50', '10.0']
['130', 'CH134', 'M.POLO SHRIMP CHIP CHEESE', '', '', '2', 'CTNS', '17.50', 'per CTNS', '0.000', '35.00']
['Invoice', '#:', '769389', 'Invoice date:', '09/28/18', 'Customer: U010', 'UNITED NOODLE WHOLESALE', 'Sales rep:', '5']
['140', 'CH131', 'M.POLO SHRIMP CHIP ONION', '', '', '3', 'EACH', '17.50', 'per CTNS', '0.000', '52.50']
['', '', '2.5 OZ X', '24 BAGS & GARLIC', '', '15.75', 'EACH', '', '', '0.000', '47.25']
['', '', '', '', '', '', '', '', '', '', '5.25', '10.0']
['150', 'CW120', 'SHAO HSING COOKING WINE', '', '', '14', 'CTNS', '13.00', 'per CTNS', '0.000', '182.00']
['', '', '750 ML X', '12 square BT', '', '10.50', 'CTNS', '', '', '0.000', '147.00']
['', '', '', '', '', '', '', '', '', '', '35.00', '19.2']
['160', 'PW206', 'DEER CURRY POWDER', '', '1 LB', '10', 'CTNS', '52.00', 'per CTNS', '0.000', '520.00']
['', '', '1 LBS X', '12 BTL', '[H2b]', '46.59', 'CTNS', '', '', '0.000', '465.90']
['', '', '', '', '', '', '', '', '', '', '54.10', '10.4']
['170', 'UT818', 'PALLET', '', '', '1', 'CTNS', '7.00', 'per CTNS', '0.000', '7.00']
['', '', 'EACH', '', '', '5.75', 'CTNS', '', '', '0.000', '5.75']
['', '', '', '', '', '', '', '', '', '', '1.25', '17.9']
['', '', '', '', '', '', '', '', 'Invoice totals:', '', '2455.50']
['', '', '', '', '', '', '', '', '', '', '2164.55']
['', '', '', '', '', '', '', '', '', '', '290.95', '11.8']
['', '', '', '', '', '', '', '', '', '', '', '', '', '', '1.75', '23.3']
['20', 'UT818', '', 'PALLET', '', '', '', '1', 'CTNS', '7.50', 'per CTNS', '', '', '0.000', '7.50']
['Invoice', '#:', '769390', 'Invoice date:', '', '09/28/18', '', 'Customer: ASI', 'ASIAN MARKET', '', '', '', 'Sales rep:', '7']
['10', 'CI120', '', 'SRIRACHA CHILI SAUCE', '', '', '*L*', '60', 'CTNS', '24.00', 'per CTNS', '', '', '0.000', '1440.00']
['', '', '', '28 OZ X', '12 BTL', '[C3]', '', '21.00', 'CTNS', '', '', '', '', '0.000', '1260.00']
['', '', '', '', '', '', '', '', '', '', '', '', '', '', '180.00', '12.5']
['20', 'UT818', '', 'PALLET', '', '', '', '1', 'CTNS', '7.50', 'per CTNS', '', '', '0.000', '7.50']
['', '', '', 'EACH', '', '', '', '5.75', 'CTNS', '', '', '', '', '0.000', '5.75']
['', '', '', '', '', '', '', '', '', '', '', '', '', '', '1.75', '23.3']
['', '', '', '', '', '', '', '', '', '', '', 'Invoice totals:', '', '', '1447.50']
['', '', '', '', '', '', '', '', '', '', '', '', '', '', '1265.75']
['', '', '', '', '', '', '', '', '', '', '', '', '', '', '181.75', '12.6']
['Date', '12/27/2018', 'Time', '14:32:31', 'L.A. LUCKY IMPORT EXPORT, INC.', 'PDF Generated Report', 'Page', '2102']
['', '', '', '', '', '', 'I N V O I C E', 'H I S T O R Y', 'B Y', 'I N V O I C E']
['Invoice', '#:', '769391', 'Invoice date:', '', '10/01/18', '', 'Customer: NEW', 'NEW BANGLUCK MKT', '', '', '', 'Sales rep:', '15']
['Order', '#:', '98569', 'Order date:', '', '10/01/18', '', '', '7235 RESEDA BLVD']
['', '', '', '', '', '', '', 'Telephone:']
['Report location', '', '', ':P:\\PSI\\PBS/RWWRK/14321814.pdf']
['Seq# Item/Svc', '', '#', 'Description-1', '', '', '', 'Qty-shipped', '', 'Unit price', '', '', 'Lin-disc%', '', 'Ext-price']
['', '', '', 'Description-2', '', '', '', 'Unit cost', '', '', '', '', 'Ord-disc%', '', 'Ext-cost']
['', '', '', '', '', '', '', '', '', '', '', '', '', '', 'Gross-margin', 'Margin-%']
['10', 'NO240A', '', 'HAO HAO ONION SATE', '', '', '*BAG*', '2', 'BDL', '24.00', 'per BDL', '', '', '0.000', '48.00']
['', '', '', '30 BAG X', '3 BOX', '', '[J31]', '21.75', 'BDL', '', '', '', '', '0.000', '43.50']
['', '', '', '', '', '', '', '', '', '', '', '', '', '', '4.50', '9.4']
['20', 'NO240', '', 'HAO HAO MI TOM CHUA', '', '', '*BAG*', '5', 'BDL', '24.00', 'per BDL', '', '', '0.000', '120.00']
['', '', '', '30 BAG X', '3 BOX', '', '[J32]', '21.75', 'BDL', '', '', '', '', '0.000', '108.75']
['', '', '', '', '', '', '', '', '', '', '', '', '', '', '11.25', '9.4']
['30', 'NO240C', '', 'HAO HAO ONION SHRIMP mi', '', '', '', '1', 'BDL', '24.00', 'per', 'BDL', '', '0.000', '24.00']
['', '', '', '30 BAGS X', '3 BOX xao kho', '', '', '21.75', 'BDL', '', '', '', '', '0.000', '21.75']
['', '', '', '', '', '', '', '', '', '', '', '', '', '', '2.25', '9.4']
['40', 'NO243', '', 'ACECOOK MI LAU THAI TOMYU', '', '', '', '2', 'BDL', '31.00', 'per', 'BDL', '', '0.000', '62.00']
['', '', '', '30 BAGS X', '3 BOX', '', '[J11]', '27.75', 'BDL', '', '', '', '', '0.000', '55.50']
['', '', '', '', '', '', '', '', '', '', '', '', '', '', '6.50', '10.5']
['50', 'BR115A', '', 'NEW CHOICE CHICKEN NO MSG', '', '', '', '5', 'CTNS', '5.80', 'per', 'CTNS', '', '0.000', '29.00']
['', '', '', '14 OZ X', '12 CANS', '', 'BROTH', '5.20', 'CTNS', '', '', '', '', '0.000', '26.00']
['', '', '', '', '', '', '', '', '', '', '', '', '', '', '3.00', '10.3']
['60', 'NO337', '', 'MAMA CHICKEN NOODLE', '', '', '', '1', 'CTNS', '46.00', 'per', 'CTNS', '', '0.000', '46.00']
['', '', '', '2.1 OZ X', '(6 X', '30)', '', '42.00', 'CTNS', '', '', '', '', '0.000', '42.00']
['', '', '', '', '', '', '', '', '', '', '', '', '', '', '4.00', '8.7']
['70', 'NO331A', '', 'MAMA TOMYUM CREAMY NOODLE', '', '', '', '1', 'CTNS', '46.00', 'per', 'CTNS', '', '0.000', '46.00']
['', '', '', '2.1 OZ X', '(6 X', '30)', '', '40.00', 'CTNS', '', '', '', '', '0.000', '40.00']
['', '', '', '', '', '', '', '', '', '', '', '', '', '', '6.00', '13.0']
['80', 'NO337A', '', 'MAMA MOO NAM TOK SPICY', '', '', '', '1', 'CTNS', '46.00', 'per', 'CTNS', '', '0.000', '46.00']
['', '', '', '30 BAGS X', '6 BOX PORK', '', '', '40.50', 'CTNS', '', '', '', '', '0.000', '40.50']
['', '', '', '', '', '', '', '', '', '', '', '', '', '', '5.50', '12.0']
['', '', '', '', '', '', '', '', '', '', '', 'Invoice', 'totals:', '', '421.00']
['', '', '', '', '', '', '', '', '', '', '', '', '', '', '378.00']
['', '', '', '', '', '', '', '', '', '', '', '', '', '', '43.00', '10.2']
['', '', '', '', '', '', '', '-- End of report', '--']

Process finished with exit code 0
